<?xml version="1.0" encoding="UTF-8"?>
<!DOCTYPE html PUBLIC "-//W3C//DTD XHTML 1.0 Transitional//EN"
    "http://www.w3.org/TR/xhtml1/DTD/xhtml1-transitional.dtd">
<html xmlns="http://www.w3.org/1999/xhtml" xml:lang="en" lang="en">
 <head>
  <title>
</title>
<meta http-equiv="Content-Type" content="text/html;charset=utf-8" />
  <meta name='ocr-system' content='tesseract 3.04.00' />
  <meta name='ocr-capabilities' content='ocr_page ocr_carea ocr_par ocr_line ocrx_word'/>
</head>
<body>
  <div class='ocr_page' id='page_1' title='image "./savreliavgvstin01goldgoog_0046.png"; bbox 0 0 3392 4917; ppageno 0'>
   <div class='ocr_carea' id='block_1_1' title="bbox 584 341 2144 411">
    <p class='ocr_par' dir='ltr' id='par_1_1' title="bbox 584 341 2144 411">
     <span class='ocr_line' id='line_1_1' title="bbox 584 341 2144 411; baseline -0.001 -15"><span class='ocrx_word' id='word_1_1' title='bbox 584 345 669 407; x_wconf 84' lang='grc'>36</span> <span class='ocrx_word' id='word_1_2' title='bbox 1270 341 1322 396; x_wconf 88' lang='lat' dir='ltr'>S.</span> <span class='ocrx_word' id='word_1_3' title='bbox 1380 341 1651 394; x_wconf 77' lang='lat' dir='ltr'>Aureli</span> <span class='ocrx_word' id='word_1_4' title='bbox 1707 344 2144 411; x_wconf 81' lang='lat' dir='ltr'>Augustini</span> 
     </span>
    </p>
   </div>
   <div class='ocr_carea' id='block_1_2' title="bbox 583 536 2966 1474">
    <p class='ocr_par' dir='ltr' id='par_1_2' title="bbox 583 536 2966 1243">
     <span class='ocr_line' id='line_1_2' title="bbox 587 536 2876 621; baseline 0.001 -21"><span class='ocrx_word' id='word_1_5' title='bbox 587 537 732 601; x_wconf 89' lang='lat' dir='ltr'>dare</span> <span class='ocrx_word' id='word_1_6' title='bbox 806 538 1103 621; x_wconf 89' lang='lat' dir='ltr'>dignatus</span> <span class='ocrx_word' id='word_1_7' title='bbox 1177 540 1297 614; x_wconf 90' lang='lat' dir='ltr'>est,</span> <span class='ocrx_word' id='word_1_8' title='bbox 1364 537 1532 620; x_wconf 90' lang='lat' dir='ltr'>quod</span> <span class='ocrx_word' id='word_1_9' title='bbox 1604 536 1725 600; x_wconf 91' lang='lat' dir='ltr'>tibi</span> <span class='ocrx_word' id='word_1_10' title='bbox 1799 538 1948 601; x_wconf 93' lang='lat' dir='ltr'>uolo</span> <span class='ocrx_word' id='word_1_11' title='bbox 2023 541 2168 602; x_wconf 85' lang='lat' dir='ltr'>ante</span> <span class='ocrx_word' id='word_1_12' title='bbox 2240 537 2586 602; x_wconf 87' lang='lat' dir='ltr'>aduentum</span> <span class='ocrx_word' id='word_1_13' title='bbox 2661 558 2876 603; x_wconf 89' lang='lat' dir='ltr'>meum</span> 
     </span>
     <span class='ocr_line' id='line_1_3' title="bbox 585 642 2874 726; baseline 0 -17"><span class='ocrx_word' id='word_1_14' title='bbox 585 645 859 720; x_wconf 85' lang='lat' dir='ltr'>mittere,</span> <span class='ocrx_word' id='word_1_15' title='bbox 908 646 964 709; x_wconf 92' lang='lat' dir='ltr'>si</span> <span class='ocrx_word' id='word_1_16' title='bbox 1020 643 1237 708; x_wconf 87' lang='lat' dir='ltr'>charta</span> <span class='ocrx_word' id='word_1_17' title='bbox 1288 642 1541 707; x_wconf 86' lang='lat' dir='ltr'>interim</span> <span class='ocrx_word' id='word_1_18' title='bbox 1598 662 1720 707; x_wconf 91' lang='lat' dir='ltr'>non</span> <span class='ocrx_word' id='word_1_19' title='bbox 1780 642 1967 708; x_wconf 83' lang='lat' dir='ltr'><strong>desit.</strong></span> <span class='ocrx_word' id='word_1_20' title='bbox 2024 643 2325 708; x_wconf 82' lang='lat' dir='ltr'>tolerabis</span> <span class='ocrx_word' id='word_1_21' title='bbox 2383 644 2548 707; x_wconf 92' lang='lat' dir='ltr'>enim</span> <span class='ocrx_word' id='word_1_22' title='bbox 2597 645 2874 726; x_wconf 91' lang='lat' dir='ltr'>qualem-</span> 
     </span>
     <span class='ocr_line' id='line_1_4' title="bbox 587 748 2877 834; baseline -0 -18"><span class='ocrx_word' id='word_1_23' title='bbox 587 770 857 833; x_wconf 91' lang='lat' dir='ltr'>cumque</span> <span class='ocrx_word' id='word_1_24' title='bbox 912 750 1289 833; x_wconf 82' lang='lat' dir='ltr'>scripturam</span> <span class='ocrx_word' id='word_1_25' title='bbox 1354 769 1427 813; x_wconf 83' lang='lat' dir='ltr'>ex</span> <span class='ocrx_word' id='word_1_26' title='bbox 1492 748 1746 813; x_wconf 85' lang='lat' dir='ltr'>officina</span> <span class='ocrx_word' id='word_1_27' title='bbox 1806 750 2124 814; x_wconf 85' lang='lat' dir='ltr'>Maiorini.</span> <span class='ocrx_word' id='word_1_28' title='bbox 2190 749 2265 814; x_wconf 91' lang='lat' dir='ltr'>de</span> <span class='ocrx_word' id='word_1_29' title='bbox 2321 750 2648 816; x_wconf 82' lang='lat' dir='ltr'>codicibus</span> <span class='ocrx_word' id='word_1_30' title='bbox 2702 771 2877 834; x_wconf 83' lang='lat' dir='ltr'>prae-</span> 
     </span>
     <span class='ocr_line' id='line_1_5' title="bbox 586 855 2874 941; baseline 0 -19"><span class='ocrx_word' id='word_1_31' title='bbox 586 863 684 923; x_wconf 91' lang='lat' dir='ltr'>ter</span> <span class='ocrx_word' id='word_1_32' title='bbox 734 858 932 923; x_wconf 87' lang='lat' dir='ltr'>libros</span> <span class='ocrx_word' id='word_1_33' title='bbox 990 857 1066 921; x_wconf 95' lang='lat' dir='ltr'>de</span> <span class='ocrx_word' id='word_1_34' title='bbox 1114 855 1378 922; x_wconf 83' lang='lat' dir='ltr'>Oratore</span> <span class='ocrx_word' id='word_1_35' title='bbox 1432 859 1643 919; x_wconf 85' lang='lat' dir='ltr'>totum</span> <span class='ocrx_word' id='word_1_36' title='bbox 1690 857 1850 919; x_wconf 89' lang='lat' dir='ltr'>mihi</span> <span class='ocrx_word' id='word_1_37' title='bbox 1906 856 2159 921; x_wconf 80' lang='lat' dir='ltr'>excidit.</span> <span class='ocrx_word' id='word_1_38' title='bbox 2218 857 2329 921; x_wconf 90' lang='lat' dir='ltr'>sed</span> <span class='ocrx_word' id='word_1_39' title='bbox 2383 857 2543 921; x_wconf 89' lang='lat' dir='ltr'>nihil</span> <span class='ocrx_word' id='word_1_40' title='bbox 2598 859 2874 941; x_wconf 88' lang='lat' dir='ltr'>amplius</span> 
     </span>
     <span class='ocr_line' id='line_1_6' title="bbox 586 963 2966 1048; baseline -0.002 -19"><span class='ocrx_word' id='word_1_41' title='bbox 586 966 927 1031; x_wconf 81' lang='lat' dir='ltr'>rescribere</span> <span class='ocrx_word' id='word_1_42' title='bbox 965 965 1165 1048; x_wconf 87' lang='lat' dir='ltr'>potui,</span> <span class='ocrx_word' id='word_1_43' title='bbox 1215 984 1401 1047; x_wconf 90' lang='lat' dir='ltr'>quam</span> <span class='ocrx_word' id='word_1_44' title='bbox 1449 968 1524 1028; x_wconf 90' lang='lat' dir='ltr'>ut</span> <span class='ocrx_word' id='word_1_45' title='bbox 1567 964 1705 1045; x_wconf 92' lang='lat' dir='ltr'>ipse</span> <span class='ocrx_word' id='word_1_46' title='bbox 1754 982 2060 1040; x_wconf 76' lang='lat' dir='ltr'>sumereS,</span> <span class='ocrx_word' id='word_1_47' title='bbox 2102 982 2260 1045; x_wconf 89' lang='lat' dir='ltr'>quos</span> <span class='ocrx_word' id='word_1_48' title='bbox 2307 963 2553 1038; x_wconf 81' lang='lat' dir='ltr'>liberet,</span> <span class='ocrx_word' id='word_1_49' title='bbox 2596 966 2661 1028; x_wconf 89' lang='lat' dir='ltr'>et</span> <span class='ocrx_word' id='word_1_50' title='bbox 2705 983 2874 1028; x_wconf 92' lang='lat' dir='ltr'>nunc</span> <span class='ocrx_word' id='word_1_51' title='bbox 2937 987 2966 1025; x_wconf 79' lang='lat'>⁵</span> 
     </span>
     <span class='ocr_line' id='line_1_7' title="bbox 583 1069 2875 1153; baseline -0.001 -18"><span class='ocrx_word' id='word_1_52' title='bbox 583 1074 650 1137; x_wconf 88' lang='lat' dir='ltr'>in</span> <span class='ocrx_word' id='word_1_53' title='bbox 705 1072 926 1138; x_wconf 87' lang='lat' dir='ltr'>eadem</span> <span class='ocrx_word' id='word_1_54' title='bbox 981 1090 1202 1136; x_wconf 86' lang='lat' dir='ltr'>maneo</span> <span class='ocrx_word' id='word_1_55' title='bbox 1269 1072 1602 1137; x_wconf 86' lang='lat' dir='ltr'>sententia.</span> <span class='ocrx_word' id='word_1_56' title='bbox 1684 1070 1913 1134; x_wconf 87' lang='lat' dir='ltr'>absens</span> <span class='ocrx_word' id='word_1_57' title='bbox 1982 1070 2149 1134; x_wconf 87' lang='lat' dir='ltr'>enim</span> <span class='ocrx_word' id='word_1_58' title='bbox 2198 1069 2351 1152; x_wconf 88' lang='lat' dir='ltr'>quid</span> <span class='ocrx_word' id='word_1_59' title='bbox 2413 1070 2559 1153; x_wconf 91' lang='lat' dir='ltr'>plus</span> <span class='ocrx_word' id='word_1_60' title='bbox 2623 1070 2875 1147; x_wconf 86' lang='lat' dir='ltr'>faciam,</span> 
     </span>
     <span class='ocr_line' id='line_1_8' title="bbox 585 1177 1034 1243; baseline 0.002 -1"><span class='ocrx_word' id='word_1_61' title='bbox 585 1199 710 1243; x_wconf 91' lang='lat' dir='ltr'>non</span> <span class='ocrx_word' id='word_1_62' title='bbox 756 1177 1034 1243; x_wconf 87' lang='lat' dir='ltr'>inuenio.</span> 
     </span>
    </p>

    <p class='ocr_par' dir='ltr' id='par_1_3' title="bbox 588 1282 2876 1474">
     <span class='ocr_line' id='line_1_9' title="bbox 676 1282 2876 1366; baseline -0.002 -16"><span class='ocrx_word' id='word_1_63' title='bbox 676 1285 1130 1350; x_wconf 86' lang='lat' dir='ltr'>Gratissimum</span> <span class='ocrx_word' id='word_1_64' title='bbox 1157 1283 1313 1347; x_wconf 89' lang='lat' dir='ltr'>mihi</span> <span class='ocrx_word' id='word_1_65' title='bbox 1347 1287 1467 1359; x_wconf 90' lang='lat' dir='ltr'>est,</span> <span class='ocrx_word' id='word_1_66' title='bbox 1498 1283 1667 1364; x_wconf 91' lang='lat' dir='ltr'>quod</span> <span class='ocrx_word' id='word_1_67' title='bbox 1694 1283 1760 1346; x_wconf 91' lang='lat' dir='ltr'>in</span> <span class='ocrx_word' id='word_1_68' title='bbox 1788 1283 2018 1346; x_wconf 85' lang='lat' dir='ltr'>ultima</span> <span class='ocrx_word' id='word_1_69' title='bbox 2051 1282 2328 1365; x_wconf 86' lang='lat' dir='ltr'>epistula</span> <span class='ocrx_word' id='word_1_70' title='bbox 2362 1302 2463 1347; x_wconf 92' lang='lat' dir='ltr'>me</span> <span class='ocrx_word' id='word_1_71' title='bbox 2500 1283 2876 1366; x_wconf 82' lang='lat' dir='ltr'>participem</span> 
     </span>
     <span class='ocr_line' id='line_1_10' title="bbox 588 1387 2076 1474; baseline -0.003 -18"><span class='ocrx_word' id='word_1_72' title='bbox 588 1391 923 1458; x_wconf 88' lang='lat' dir='ltr'>domestici</span> <span class='ocrx_word' id='word_1_73' title='bbox 966 1387 1065 1470; x_wconf 70' lang='lat' dir='ltr'>tu&#39;j</span> <span class='ocrx_word' id='word_1_74' title='bbox 1111 1390 1329 1474; x_wconf 87' lang='lat' dir='ltr'>gaudii</span> <span class='ocrx_word' id='word_1_75' title='bbox 1372 1390 1578 1454; x_wconf 88' lang='lat' dir='ltr'>facere</span> <span class='ocrx_word' id='word_1_76' title='bbox 1625 1389 1914 1455; x_wconf 88' lang='lat' dir='ltr'>uoluisti.</span> <span class='ocrx_word' id='word_1_77' title='bbox 1963 1389 2076 1453; x_wconf 90' lang='lat' dir='ltr'>sed</span> 
     </span>
    </p>
   </div>
   <div class='ocr_carea' id='block_1_3' title="bbox 850 1512 2970 1705">
    <p class='ocr_par' dir='ltr' id='par_1_4' title="bbox 850 1512 2970 1705">
     <span class='ocr_line' id='line_1_11' title="bbox 850 1512 2970 1597; baseline -0.002 -17"><span class='ocrx_word' id='word_1_78' title='bbox 850 1516 1040 1580; x_wconf 88' lang='lat' dir='ltr'>Mene</span> <span class='ocrx_word' id='word_1_79' title='bbox 1087 1515 1238 1578; x_wconf 87' lang='lat' dir='ltr'>salis</span> <span class='ocrx_word' id='word_1_80' title='bbox 1285 1513 1521 1597; x_wconf 87' lang='lat' dir='ltr'>placidi</span> <span class='ocrx_word' id='word_1_81' title='bbox 1566 1514 1824 1577; x_wconf 91' lang='lat' dir='ltr'>uultum</span> <span class='ocrx_word' id='word_1_82' title='bbox 1869 1512 2232 1595; x_wconf 90' lang='lat' dir='ltr'>fluctusque</span> <span class='ocrx_word' id='word_1_83' title='bbox 2280 1513 2529 1594; x_wconf 91' lang='lat' dir='ltr'>quietos</span> <span class='ocrx_word' id='word_1_84' title='bbox 2914 1519 2970 1557; x_wconf 84' lang='lat'>1⁰</span> 
     </span>
     <span class='ocr_line' id='line_1_12' title="bbox 851 1619 1416 1705; baseline 0 -20"><span class='ocrx_word' id='word_1_85' title='bbox 851 1622 1139 1705; x_wconf 87' lang='lat' dir='ltr'>ignorare</span> <span class='ocrx_word' id='word_1_86' title='bbox 1183 1619 1416 1685; x_wconf 81' lang='lat' dir='ltr'>iubes?</span> 
     </span>
    </p>
   </div>
   <div class='ocr_carea' id='block_1_4' title="bbox 586 1743 2968 3103">
    <p class='ocr_par' dir='ltr' id='par_1_5' title="bbox 586 1743 2968 3103">
     <span class='ocr_line' id='line_1_13' title="bbox 587 1743 2876 1829; baseline -0.001 -19"><span class='ocrx_word' id='word_1_87' title='bbox 587 1765 969 1828; x_wconf 89' lang='lat' dir='ltr'>quamquam</span> <span class='ocrx_word' id='word_1_88' title='bbox 1008 1763 1121 1808; x_wconf 91' lang='lat' dir='ltr'>nec</span> <span class='ocrx_word' id='word_1_89' title='bbox 1161 1764 1262 1809; x_wconf 92' lang='lat' dir='ltr'>me</span> <span class='ocrx_word' id='word_1_90' title='bbox 1298 1745 1520 1809; x_wconf 89' lang='lat' dir='ltr'>iubeas</span> <span class='ocrx_word' id='word_1_91' title='bbox 1557 1764 1674 1809; x_wconf 89' lang='lat' dir='ltr'>nec</span> <span class='ocrx_word' id='word_1_92' title='bbox 1711 1745 1850 1827; x_wconf 91' lang='lat' dir='ltr'>ipse</span> <span class='ocrx_word' id='word_1_93' title='bbox 1888 1746 2163 1829; x_wconf 79' lang='lat' dir='ltr'>ignores,</span> <span class='ocrx_word' id='word_1_94' title='bbox 2205 1759 2395 1827; x_wconf 88' lang='lat' dir='ltr'>quare</span> <span class='ocrx_word' id='word_1_95' title='bbox 2433 1744 2489 1808; x_wconf 93' lang='lat' dir='ltr'>si</span> <span class='ocrx_word' id='word_1_96' title='bbox 2527 1744 2605 1808; x_wconf 90' lang='lat' dir='ltr'>ad</span> <span class='ocrx_word' id='word_1_97' title='bbox 2642 1743 2876 1807; x_wconf 90' lang='lat' dir='ltr'>melius</span> 
     </span>
     <span class='ocr_line' id='line_1_14' title="bbox 587 1850 2875 1936; baseline -0.001 -19"><span class='ocrx_word' id='word_1_98' title='bbox 587 1852 994 1936; x_wconf 87' lang='lat' dir='ltr'>cogitandum</span> <span class='ocrx_word' id='word_1_99' title='bbox 1041 1852 1221 1934; x_wconf 91' lang='lat' dir='ltr'>quies</span> <span class='ocrx_word' id='word_1_100' title='bbox 1269 1851 1481 1934; x_wconf 88' lang='lat' dir='ltr'>aliqua</span> <span class='ocrx_word' id='word_1_101' title='bbox 1527 1851 1676 1916; x_wconf 90' lang='lat' dir='ltr'>data</span> <span class='ocrx_word' id='word_1_102' title='bbox 1723 1857 1842 1929; x_wconf 90' lang='lat' dir='ltr'>est,</span> <span class='ocrx_word' id='word_1_103' title='bbox 1890 1855 2069 1915; x_wconf 87' lang='lat' dir='ltr'>utere</span> <span class='ocrx_word' id='word_1_104' title='bbox 2119 1851 2334 1916; x_wconf 90' lang='lat' dir='ltr'>diuino</span> <span class='ocrx_word' id='word_1_105' title='bbox 2381 1850 2710 1915; x_wconf 83' lang='lat' dir='ltr'>beneficio.</span> <span class='ocrx_word' id='word_1_106' title='bbox 2758 1869 2875 1914; x_wconf 89' lang='lat' dir='ltr'>nec</span> 
     </span>
     <span class='ocr_line' id='line_1_15' title="bbox 587 1957 2875 2041; baseline -0 -20"><span class='ocrx_word' id='word_1_107' title='bbox 587 1960 756 2022; x_wconf 90' lang='lat' dir='ltr'>enim</span> <span class='ocrx_word' id='word_1_108' title='bbox 801 1959 985 2023; x_wconf 90' lang='lat' dir='ltr'>uobis</span> <span class='ocrx_word' id='word_1_109' title='bbox 1034 1958 1362 2033; x_wconf 87' lang='lat' dir='ltr'>debemus,</span> <span class='ocrx_word' id='word_1_110' title='bbox 1411 1978 1558 2023; x_wconf 89' lang='lat' dir='ltr'>cum</span> <span class='ocrx_word' id='word_1_111' title='bbox 1603 1959 1731 2022; x_wconf 90' lang='lat' dir='ltr'>ista</span> <span class='ocrx_word' id='word_1_112' title='bbox 1775 1958 2179 2041; x_wconf 86' lang='lat' dir='ltr'>proueniunt,</span> <span class='ocrx_word' id='word_1_113' title='bbox 2220 1958 2332 2022; x_wconf 91' lang='lat' dir='ltr'>sed</span> <span class='ocrx_word' id='word_1_114' title='bbox 2373 1957 2529 2035; x_wconf 90' lang='lat' dir='ltr'>illis,</span> <span class='ocrx_word' id='word_1_115' title='bbox 2565 1977 2680 2039; x_wconf 89' lang='lat' dir='ltr'>per</span> <span class='ocrx_word' id='word_1_116' title='bbox 2716 1976 2875 2039; x_wconf 92' lang='lat' dir='ltr'>quos</span> 
     </span>
     <span class='ocr_line' id='line_1_16' title="bbox 586 2063 2968 2148; baseline -0.001 -20"><span class='ocrx_word' id='word_1_117' title='bbox 586 2065 989 2148; x_wconf 86' lang='lat' dir='ltr'>proueniunt,</span> <span class='ocrx_word' id='word_1_118' title='bbox 1039 2064 1366 2147; x_wconf 85' lang='lat' dir='ltr'>gratulari,</span> <span class='ocrx_word' id='word_1_119' title='bbox 1418 2064 1716 2146; x_wconf 89' lang='lat' dir='ltr'>quoniam</span> <span class='ocrx_word' id='word_1_120' title='bbox 1779 2064 1954 2128; x_wconf 87' lang='lat' dir='ltr'>iusta</span> <span class='ocrx_word' id='word_1_121' title='bbox 2009 2067 2072 2128; x_wconf 88' lang='lat' dir='ltr'>et</span> <span class='ocrx_word' id='word_1_122' title='bbox 2128 2063 2414 2127; x_wconf 86' lang='lat' dir='ltr'>officiosa</span> <span class='ocrx_word' id='word_1_123' title='bbox 2468 2065 2533 2127; x_wconf 88' lang='lat' dir='ltr'>et</span> <span class='ocrx_word' id='word_1_124' title='bbox 2585 2082 2697 2145; x_wconf 92' lang='lat' dir='ltr'>pro</span> <span class='ocrx_word' id='word_1_125' title='bbox 2755 2081 2873 2127; x_wconf 93' lang='lat' dir='ltr'>suo</span> <span class='ocrx_word' id='word_1_126' title='bbox 2913 2079 2968 2118; x_wconf 76' lang='lat'>1⁵</span> 
     </span>
     <span class='ocr_line' id='line_1_17' title="bbox 586 2168 2876 2255; baseline -0.002 -19"><span class='ocrx_word' id='word_1_127' title='bbox 586 2191 811 2255; x_wconf 87' lang='lat' dir='ltr'>genere</span> <span class='ocrx_word' id='word_1_128' title='bbox 855 2172 1139 2253; x_wconf 86' lang='lat' dir='ltr'>pacatior</span> <span class='ocrx_word' id='word_1_129' title='bbox 1184 2173 1374 2253; x_wconf 87' lang='lat' dir='ltr'>atque</span> <span class='ocrx_word' id='word_1_130' title='bbox 1421 2170 1825 2252; x_wconf 87' lang='lat' dir='ltr'>tranquillior</span> <span class='ocrx_word' id='word_1_131' title='bbox 1867 2183 2078 2234; x_wconf 88' lang='lat' dir='ltr'>rerum</span> <span class='ocrx_word' id='word_1_132' title='bbox 2124 2168 2572 2251; x_wconf 88' lang='lat' dir='ltr'>temporalium</span> <span class='ocrx_word' id='word_1_133' title='bbox 2609 2168 2876 2232; x_wconf 89' lang='lat' dir='ltr'>admini-</span> 
     </span>
     <span class='ocr_line' id='line_1_18' title="bbox 587 2276 2874 2360; baseline -0.002 -18"><span class='ocrx_word' id='word_1_134' title='bbox 587 2279 810 2344; x_wconf 87' lang='lat' dir='ltr'>stratio</span> <span class='ocrx_word' id='word_1_135' title='bbox 850 2276 1356 2360; x_wconf 89' lang='lat' dir='ltr'>recipiendorum</span> <span class='ocrx_word' id='word_1_136' title='bbox 1385 2279 1788 2341; x_wconf 84' lang='lat' dir='ltr'>aetemorum</span> <span class='ocrx_word' id='word_1_137' title='bbox 1814 2276 2112 2340; x_wconf 89' lang='lat' dir='ltr'>meritum</span> <span class='ocrx_word' id='word_1_138' title='bbox 2143 2276 2371 2359; x_wconf 86' lang='lat' dir='ltr'>gignit,</span> <span class='ocrx_word' id='word_1_139' title='bbox 2402 2276 2457 2340; x_wconf 92' lang='lat' dir='ltr'>si</span> <span class='ocrx_word' id='word_1_140' title='bbox 2485 2295 2610 2340; x_wconf 92' lang='lat' dir='ltr'>non</span> <span class='ocrx_word' id='word_1_141' title='bbox 2638 2277 2874 2349; x_wconf 88' lang='lat' dir='ltr'>teneat,</span> 
     </span>
     <span class='ocr_line' id='line_1_19' title="bbox 588 2381 2873 2464; baseline -0.003 -15"><span class='ocrx_word' id='word_1_142' title='bbox 588 2404 733 2449; x_wconf 90' lang='lat' dir='ltr'>cum</span> <span class='ocrx_word' id='word_1_143' title='bbox 787 2385 1060 2458; x_wconf 87' lang='lat' dir='ltr'>tenetur,</span> <span class='ocrx_word' id='word_1_144' title='bbox 1117 2401 1240 2446; x_wconf 91' lang='lat' dir='ltr'>non</span> <span class='ocrx_word' id='word_1_145' title='bbox 1305 2382 1612 2464; x_wconf 88' lang='lat' dir='ltr'>implicet,</span> <span class='ocrx_word' id='word_1_146' title='bbox 1670 2400 1817 2446; x_wconf 90' lang='lat' dir='ltr'>cum</span> <span class='ocrx_word' id='word_1_147' title='bbox 1880 2382 2363 2464; x_wconf 86' lang='lat' dir='ltr'>multiplicatur,</span> <span class='ocrx_word' id='word_1_148' title='bbox 2413 2381 2469 2445; x_wconf 91' lang='lat' dir='ltr'>si</span> <span class='ocrx_word' id='word_1_149' title='bbox 2531 2399 2679 2458; x_wconf 89' lang='lat' dir='ltr'>non,</span> <span class='ocrx_word' id='word_1_150' title='bbox 2728 2399 2873 2444; x_wconf 91' lang='lat' dir='ltr'>cum</span> 
     </span>
     <span class='ocr_line' id='line_1_20' title="bbox 589 2487 2871 2571; baseline -0.003 -16"><span class='ocrx_word' id='word_1_151' title='bbox 589 2538 996 2557; x_wconf 91' lang='grc'><strong>.........</strong></span> <span class='ocrx_word' id='word_1_152' title='bbox 1026 2493 1310 2571; x_wconf 89' lang='lat' dir='ltr'>putatur,</span> <span class='ocrx_word' id='word_1_153' title='bbox 1347 2489 1658 2555; x_wconf 88' lang='lat' dir='ltr'>inuoluat.</span> <span class='ocrx_word' id='word_1_154' title='bbox 1706 2488 1913 2570; x_wconf 92' lang='lat' dir='ltr'>ipsius</span> <span class='ocrx_word' id='word_1_155' title='bbox 1953 2489 2119 2552; x_wconf 89' lang='lat' dir='ltr'>enim</span> <span class='ocrx_word' id='word_1_156' title='bbox 2157 2488 2449 2553; x_wconf 89' lang='lat' dir='ltr'>ueritatis</span> <span class='ocrx_word' id='word_1_157' title='bbox 2489 2507 2594 2552; x_wconf 91' lang='lat' dir='ltr'>ore</span> <span class='ocrx_word' id='word_1_158' title='bbox 2634 2487 2871 2551; x_wconf 84' lang='lat' dir='ltr'>dictum</span> 
     </span>
     <span class='ocr_line' id='line_1_21' title="bbox 588 2594 2968 2677; baseline -0.002 -16"><span class='ocrx_word' id='word_1_159' title='bbox 588 2599 722 2661; x_wconf 87' lang='lat' dir='ltr'>est:</span> <span class='ocrx_word' id='word_1_160' title='bbox 784 2596 864 2661; x_wconf 88' lang='lat' dir='ltr'>Si</span> <span class='ocrx_word' id='word_1_161' title='bbox 924 2596 1002 2660; x_wconf 92' lang='lat' dir='ltr'>in</span> <span class='ocrx_word' id='word_1_162' title='bbox 1051 2596 1318 2660; x_wconf 86' lang='lat' dir='ltr'>alieno</span> <span class='ocrx_word' id='word_1_163' title='bbox 1366 2596 1669 2659; x_wconf 86' lang='lat' dir='ltr'>fideles</span> <span class='ocrx_word' id='word_1_164' title='bbox 1717 2613 1865 2658; x_wconf 89' lang='lat' dir='ltr'>non</span> <span class='ocrx_word' id='word_1_165' title='bbox 1912 2594 2226 2670; x_wconf 89' lang='lat' dir='ltr'>fuistis,</span> <span class='ocrx_word' id='word_1_166' title='bbox 2276 2597 2640 2659; x_wconf 90' lang='lat' dir='ltr'>uestrum</span> <span class='ocrx_word' id='word_1_167' title='bbox 2690 2595 2872 2677; x_wconf 87' lang='lat' dir='ltr'>quis</span> <span class='ocrx_word' id='word_1_168' title='bbox 2911 2613 2968 2653; x_wconf 82' lang='lat'>20</span> 
     </span>
     <span class='ocr_line' id='line_1_22' title="bbox 589 2700 2878 2784; baseline 0 -19"><span class='ocrx_word' id='word_1_169' title='bbox 589 2702 814 2765; x_wconf 90' lang='lat' dir='ltr'>dabit</span> <span class='ocrx_word' id='word_1_170' title='bbox 877 2701 1163 2766; x_wconf 77' lang='lat' dir='ltr'>uobis?</span> <span class='ocrx_word' id='word_1_171' title='bbox 1230 2701 1456 2764; x_wconf 84' lang='lat' dir='ltr'>laxatis</span> <span class='ocrx_word' id='word_1_172' title='bbox 1522 2719 1670 2784; x_wconf 88' lang='lat' dir='ltr'>ergo</span> <span class='ocrx_word' id='word_1_173' title='bbox 1740 2700 1909 2764; x_wconf 90' lang='lat' dir='ltr'>curis</span> <span class='ocrx_word' id='word_1_174' title='bbox 1973 2700 2380 2764; x_wconf 89' lang='lat' dir='ltr'>mutabilium</span> <span class='ocrx_word' id='word_1_175' title='bbox 2444 2720 2656 2765; x_wconf 88' lang='lat' dir='ltr'>rerum</span> <span class='ocrx_word' id='word_1_176' title='bbox 2711 2703 2878 2765; x_wconf 88' lang='lat' dir='ltr'>bona</span> 
     </span>
     <span class='ocr_line' id='line_1_23' title="bbox 588 2808 2876 2890; baseline -0.001 -18"><span class='ocrx_word' id='word_1_177' title='bbox 588 2808 843 2873; x_wconf 88' lang='lat' dir='ltr'>stabilia</span> <span class='ocrx_word' id='word_1_178' title='bbox 909 2810 974 2871; x_wconf 89' lang='lat' dir='ltr'>et</span> <span class='ocrx_word' id='word_1_179' title='bbox 1036 2811 1207 2871; x_wconf 89' lang='lat' dir='ltr'>certa</span> <span class='ocrx_word' id='word_1_180' title='bbox 1272 2826 1671 2889; x_wconf 80' lang='lat' dir='ltr'>quaeramuS,</span> <span class='ocrx_word' id='word_1_181' title='bbox 1747 2808 2233 2889; x_wconf 90' lang='lat' dir='ltr'>superuolemus</span> <span class='ocrx_word' id='word_1_182' title='bbox 2307 2808 2574 2871; x_wconf 89' lang='lat' dir='ltr'>terrenis</span> <span class='ocrx_word' id='word_1_183' title='bbox 2647 2808 2876 2890; x_wconf 91' lang='lat' dir='ltr'>opibus</span> 
     </span>
     <span class='ocr_line' id='line_1_24' title="bbox 588 2914 2881 2996; baseline 0 -19"><span class='ocrx_word' id='word_1_184' title='bbox 588 2914 844 2980; x_wconf 80' lang='lat' dir='ltr'>nostris,</span> <span class='ocrx_word' id='word_1_185' title='bbox 910 2933 1055 2977; x_wconf 89' lang='lat' dir='ltr'>nam</span> <span class='ocrx_word' id='word_1_186' title='bbox 1121 2916 1185 2978; x_wconf 89' lang='lat' dir='ltr'>et</span> <span class='ocrx_word' id='word_1_187' title='bbox 1247 2914 1311 2977; x_wconf 90' lang='lat' dir='ltr'>in</span> <span class='ocrx_word' id='word_1_188' title='bbox 1377 2914 1588 2978; x_wconf 91' lang='lat' dir='ltr'>mellis</span> <span class='ocrx_word' id='word_1_189' title='bbox 1655 2914 1840 2996; x_wconf 86' lang='lat' dir='ltr'>copia</span> <span class='ocrx_word' id='word_1_190' title='bbox 1902 2933 2024 2978; x_wconf 88' lang='lat' dir='ltr'>non</span> <span class='ocrx_word' id='word_1_191' title='bbox 2089 2915 2324 2978; x_wconf 88' lang='lat' dir='ltr'>frustra</span> <span class='ocrx_word' id='word_1_192' title='bbox 2385 2933 2620 2996; x_wconf 88' lang='lat' dir='ltr'>pennas</span> <span class='ocrx_word' id='word_1_193' title='bbox 2685 2915 2881 2980; x_wconf 86' lang='lat' dir='ltr'>habet</span> 
     </span>
     <span class='ocr_line' id='line_1_25' title="bbox 588 3020 1752 3103; baseline -0.001 -18"><span class='ocrx_word' id='word_1_194' title='bbox 588 3022 873 3103; x_wconf 86' lang='lat' dir='ltr'>apicula;</span> <span class='ocrx_word' id='word_1_195' title='bbox 921 3022 1106 3084; x_wconf 87' lang='lat' dir='ltr'>necat</span> <span class='ocrx_word' id='word_1_196' title='bbox 1152 3020 1321 3083; x_wconf 91' lang='lat' dir='ltr'>enim</span> <span class='ocrx_word' id='word_1_197' title='bbox 1368 3020 1752 3084; x_wconf 86' lang='lat' dir='ltr'>haerentem.</span> 
     </span>
    </p>
   </div>
   <div class='ocr_carea' id='block_1_5' title="bbox 768 3269 2195 3351">
    <p class='ocr_par' dir='ltr' id='par_1_6' title="bbox 768 3269 2195 3351">
     <span class='ocr_line' id='line_1_26' title="bbox 768 3269 2195 3351; baseline -0.001 -17"><span class='ocrx_word' id='word_1_198' title='bbox 768 3281 834 3335; x_wconf 92' lang='lat'>10</span> <span class='ocrx_word' id='word_1_199' title='bbox 871 3280 1031 3351; x_wconf 84' lang='lat' dir='ltr'>Verg.</span> <span class='ocrx_word' id='word_1_200' title='bbox 1070 3281 1205 3335; x_wconf 85' lang='lat' dir='ltr'>Aen.</span> <span class='ocrx_word' id='word_1_201' title='bbox 1244 3280 1292 3332; x_wconf 94' lang='lat' dir='ltr'><strong>V</strong></span> <span class='ocrx_word' id='word_1_202' title='bbox 1328 3269 1616 3334; x_wconf 76' lang='lat'>848—849</span> <span class='ocrx_word' id='word_1_203' title='bbox 1725 3279 1795 3333; x_wconf 84' lang='lat'>20</span> <span class='ocrx_word' id='word_1_204' title='bbox 1832 3279 1961 3332; x_wconf 87' lang='lat' dir='ltr'>Luc.</span> <span class='ocrx_word' id='word_1_205' title='bbox 2005 3280 2087 3344; x_wconf 88' lang='lat'>16,</span> <span class='ocrx_word' id='word_1_206' title='bbox 2129 3280 2195 3332; x_wconf 86' lang='lat'>12</span> 
     </span>
    </p>
   </div>
   <div class='ocr_carea' id='block_1_6' title="bbox 587 3453 2952 4307">
    <p class='ocr_par' dir='ltr' id='par_1_7' title="bbox 587 3453 2952 4307">
     <span class='ocr_line' id='line_1_27' title="bbox 659 3453 2903 3522; baseline -0.002 -12"><span class='ocrx_word' id='word_1_207' title='bbox 659 3459 689 3510; x_wconf 91' lang='lat'>1</span> <span class='ocrx_word' id='word_1_208' title='bbox 747 3459 875 3510; x_wconf 85' lang='lat' dir='ltr'>ante</span> <span class='ocrx_word' id='word_1_209' title='bbox 922 3455 1217 3509; x_wconf 88' lang='lat' dir='ltr'>aduentum</span> <span class='ocrx_word' id='word_1_210' title='bbox 1271 3473 1449 3510; x_wconf 89' lang='lat' dir='ltr'>meum</span> <span class='ocrx_word' id='word_1_211' title='bbox 1506 3457 1629 3509; x_wconf 87' lang='lat' dir='ltr'>uolo</span> <span class='ocrx_word' id='word_1_212' title='bbox 1698 3454 1752 3509; x_wconf 91' lang='lat' dir='ltr'><em>U</em></span> <span class='ocrx_word' id='word_1_213' title='bbox 1932 3455 1965 3508; x_wconf 89' lang='lat'><strong>3</strong></span> <span class='ocrx_word' id='word_1_214' title='bbox 2020 3455 2311 3514; x_wconf 81' lang='lat' dir='ltr'>maiorillni</span> <span class='ocrx_word' id='word_1_215' title='bbox 2366 3455 2581 3522; x_wconf 80' lang='lat' dir='ltr'>(parua</span> <span class='ocrx_word' id='word_1_216' title='bbox 2633 3456 2769 3522; x_wconf 69' lang='lat' dir='ltr'>raa.)</span> <span class='ocrx_word' id='word_1_217' title='bbox 2824 3453 2903 3507; x_wconf 92' lang='lat' dir='ltr'>P.</span> 
     </span>
     <span class='ocr_line' id='line_1_28' title="bbox 587 3543 2873 3613; baseline -0.001 -14"><span class='ocrx_word' id='word_1_218' title='bbox 587 3546 775 3599; x_wconf 86' lang='lat' dir='ltr'>maiori</span> <span class='ocrx_word' id='word_1_219' title='bbox 812 3545 869 3598; x_wconf 92' lang='lat' dir='ltr'>ni</span> <span class='ocrx_word' id='word_1_220' title='bbox 904 3544 962 3599; x_wconf 79' lang='lat' dir='ltr'><em>R</em></span> <span class='ocrx_word' id='word_1_221' title='bbox 998 3546 1260 3598; x_wconf 86' lang='lat' dir='ltr'>maiorum</span> <span class='ocrx_word' id='word_1_222' title='bbox 1308 3545 1421 3598; x_wconf 91' lang='lat' dir='ltr'>VU</span> <span class='ocrx_word' id='word_1_223' title='bbox 1452 3544 1571 3599; x_wconf 78' lang='lat' dir='ltr'>edd.</span> <span class='ocrx_word' id='word_1_224' title='bbox 1760 3546 1796 3597; x_wconf 88' lang='lat'><strong>4</strong></span> <span class='ocrx_word' id='word_1_225' title='bbox 1839 3546 2039 3613; x_wconf 89' lang='lat' dir='ltr'>totum]</span> <span class='ocrx_word' id='word_1_226' title='bbox 2084 3546 2300 3597; x_wconf 84' lang='lat' dir='ltr'>tantum</span> <span class='ocrx_word' id='word_1_227' title='bbox 2346 3543 2421 3596; x_wconf 77' lang='grc' dir='ltr'>Ρ1</span> <span class='ocrx_word' id='word_1_228' title='bbox 2575 3545 2607 3597; x_wconf 88' lang='grc'><strong>6</strong></span> <span class='ocrx_word' id='word_1_229' title='bbox 2662 3544 2873 3604; x_wconf 80' lang='lat' dir='ltr'>faciem,</span> 
     </span>
     <span class='ocr_line' id='line_1_29' title="bbox 589 3631 2873 3703; baseline -0.001 -16"><span class='ocrx_word' id='word_1_230' title='bbox 589 3650 724 3688; x_wconf 85' lang='lat' dir='ltr'>corr.</span> <span class='ocrx_word' id='word_1_231' title='bbox 754 3651 819 3689; x_wconf 86' lang='lat' dir='ltr'>m.</span> <span class='ocrx_word' id='word_1_232' title='bbox 846 3638 877 3687; x_wconf 89' lang='lat'><strong><em>1</em></strong></span> <span class='ocrx_word' id='word_1_233' title='bbox 902 3634 1097 3688; x_wconf 83' lang='lat' dir='ltr'>faciam</span> <span class='ocrx_word' id='word_1_234' title='bbox 1136 3633 1191 3687; x_wconf 92' lang='lat' dir='ltr'><em>U</em></span> <span class='ocrx_word' id='word_1_235' title='bbox 1326 3634 1358 3686; x_wconf 87' lang='lat'>9</span> <span class='ocrx_word' id='word_1_236' title='bbox 1398 3633 1585 3703; x_wconf 86' lang='lat' dir='ltr'>gaudii</span> <span class='ocrx_word' id='word_1_237' title='bbox 1609 3633 1694 3686; x_wconf 90' lang='lat' dir='ltr'>tui</span> <span class='ocrx_word' id='word_1_238' title='bbox 1719 3631 1795 3685; x_wconf 73' lang='grc' dir='ltr'>Ρ1</span> <span class='ocrx_word' id='word_1_239' title='bbox 1940 3633 2010 3687; x_wconf 90' lang='grc'>10</span> <span class='ocrx_word' id='word_1_240' title='bbox 2047 3633 2178 3686; x_wconf 72' lang='lat' dir='ltr'>sali·</span> <span class='ocrx_word' id='word_1_241' title='bbox 2214 3632 2263 3685; x_wconf 90' lang='lat' dir='ltr'><strong><em>V</em></strong></span> <span class='ocrx_word' id='word_1_242' title='bbox 2305 3632 2408 3685; x_wconf 89' lang='lat' dir='ltr'>sali</span> <span class='ocrx_word' id='word_1_243' title='bbox 2454 3632 2508 3685; x_wconf 92' lang='lat' dir='ltr'><em>U</em></span> <span class='ocrx_word' id='word_1_244' title='bbox 2704 3632 2873 3702; x_wconf 87' lang='lat' dir='ltr'>placi-</span> 
     </span>
     <span class='ocr_line' id='line_1_30' title="bbox 589 3720 2875 3792; baseline 0 -17"><span class='ocrx_word' id='word_1_245' title='bbox 589 3723 732 3786; x_wconf 88' lang='lat' dir='ltr'>dum,</span> <span class='ocrx_word' id='word_1_246' title='bbox 771 3738 909 3777; x_wconf 85' lang='lat' dir='ltr'>corr.</span> <span class='ocrx_word' id='word_1_247' title='bbox 945 3721 1149 3792; x_wconf 82' lang='lat' dir='ltr'>placidi</span> <span class='ocrx_word' id='word_1_248' title='bbox 1195 3721 1250 3776; x_wconf 90' lang='lat' dir='ltr'><em>U</em></span> <span class='ocrx_word' id='word_1_249' title='bbox 1376 3722 1708 3792; x_wconf 89' lang='lat' dir='ltr'>fiuctumque</span> <span class='ocrx_word' id='word_1_250' title='bbox 1743 3721 1853 3775; x_wconf 85' lang='lat' dir='ltr'>LR</span> <span class='ocrx_word' id='word_1_251' title='bbox 1998 3722 2185 3791; x_wconf 91' lang='lat' dir='ltr'>quieos</span> <span class='ocrx_word' id='word_1_252' title='bbox 2214 3720 2322 3774; x_wconf 92' lang='lat' dir='ltr'>LP</span> <span class='ocrx_word' id='word_1_253' title='bbox 2360 3723 2516 3786; x_wconf 84' lang='lat' dir='ltr'>(corr.</span> <span class='ocrx_word' id='word_1_254' title='bbox 2556 3721 2791 3790; x_wconf 87' lang='lat' dir='ltr'>quietos)</span> <span class='ocrx_word' id='word_1_255' title='bbox 2819 3721 2875 3775; x_wconf 82' lang='lat' dir='ltr'><em>R</em></span> 
     </span>
     <span class='ocr_line' id='line_1_31' title="bbox 592 3809 2874 3880; baseline -0.001 -15"><span class='ocrx_word' id='word_1_256' title='bbox 592 3811 658 3865; x_wconf 78' lang='lat'>12</span> <span class='ocrx_word' id='word_1_257' title='bbox 692 3827 794 3865; x_wconf 89' lang='lat' dir='ltr'>nec</span> <span class='ocrx_word' id='word_1_258' title='bbox 838 3813 947 3880; x_wconf 87' lang='lat' dir='ltr'>me]</span> <span class='ocrx_word' id='word_1_259' title='bbox 991 3828 1078 3865; x_wconf 88' lang='lat' dir='ltr'>me</span> <span class='ocrx_word' id='word_1_260' title='bbox 1117 3811 1171 3865; x_wconf 85' lang='lat' dir='ltr'><strong><em>L</em></strong></span> <span class='ocrx_word' id='word_1_261' title='bbox 1318 3813 1387 3865; x_wconf 89' lang='lat'>14</span> <span class='ocrx_word' id='word_1_262' title='bbox 1424 3810 1681 3865; x_wconf 85' lang='lat' dir='ltr'>debemus</span> <span class='ocrx_word' id='word_1_263' title='bbox 1717 3810 1874 3864; x_wconf 91' lang='lat' dir='ltr'>nobis</span> <span class='ocrx_word' id='word_1_264' title='bbox 1902 3810 1958 3864; x_wconf 82' lang='lat' dir='ltr'><em>R</em></span> <span class='ocrx_word' id='word_1_265' title='bbox 1992 3809 2112 3865; x_wconf 79' lang='lat' dir='ltr'>edd.</span> <span class='ocrx_word' id='word_1_266' title='bbox 2255 3810 2380 3862; x_wconf 87' lang='lat' dir='ltr'>illos</span> <span class='ocrx_word' id='word_1_267' title='bbox 2419 3809 2472 3862; x_wconf 91' lang='lat' dir='ltr'><em>U</em></span> <span class='ocrx_word' id='word_1_268' title='bbox 2612 3810 2678 3862; x_wconf 89' lang='lat'>16</span> <span class='ocrx_word' id='word_1_269' title='bbox 2714 3810 2874 3862; x_wconf 91' lang='lat' dir='ltr'>mini-</span> 
     </span>
     <span class='ocr_line' id='line_1_32' title="bbox 588 3897 2875 3965; baseline -0.001 -13"><span class='ocrx_word' id='word_1_270' title='bbox 588 3900 801 3963; x_wconf 82' lang='lat' dir='ltr'>stratio,</span> <span class='ocrx_word' id='word_1_271' title='bbox 839 3915 978 3953; x_wconf 81' lang='lat' dir='ltr'>corr.</span> <span class='ocrx_word' id='word_1_272' title='bbox 1015 3917 1084 3953; x_wconf 85' lang='lat' dir='ltr'>m.</span> <span class='ocrx_word' id='word_1_273' title='bbox 1123 3904 1154 3953; x_wconf 88' lang='lat'><strong><em>1</em></strong></span> <span class='ocrx_word' id='word_1_274' title='bbox 1189 3900 1588 3954; x_wconf 85' lang='lat' dir='ltr'>administratio</span> <span class='ocrx_word' id='word_1_275' title='bbox 1614 3900 1671 3953; x_wconf 89' lang='lat' dir='ltr'><em>P</em></span> <span class='ocrx_word' id='word_1_276' title='bbox 1799 3900 1862 3952; x_wconf 85' lang='lat'>17</span> <span class='ocrx_word' id='word_1_277' title='bbox 1900 3901 2056 3952; x_wconf 87' lang='lat' dir='ltr'>tenet</span> <span class='ocrx_word' id='word_1_278' title='bbox 2081 3897 2279 3952; x_wconf 83' lang='lat' dir='ltr'><strong><em>P¹VU</em></strong></span> <span class='ocrx_word' id='word_1_279' title='bbox 2452 3898 2518 3952; x_wconf 87' lang='lat'>18</span> <span class='ocrx_word' id='word_1_280' title='bbox 2553 3915 2654 3952; x_wconf 89' lang='lat' dir='ltr'>nec</span> <span class='ocrx_word' id='word_1_281' title='bbox 2687 3900 2724 3965; x_wconf 82' lang='lat' dir='ltr'><strong><em>f</em></strong></span> <span class='ocrx_word' id='word_1_282' title='bbox 2739 3899 2875 3951; x_wconf 84' lang='lat' dir='ltr'>lrm</span> 
     </span>
     <span class='ocr_line' id='line_1_33' title="bbox 589 3985 2875 4055; baseline -0.001 -16"><span class='ocrx_word' id='word_1_283' title='bbox 589 4003 696 4040; x_wconf 89' lang='lat' dir='ltr'>non</span> <span class='ocrx_word' id='word_1_284' title='bbox 735 4004 813 4047; x_wconf 84' lang='lat' dir='ltr'>co,</span> <span class='ocrx_word' id='word_1_285' title='bbox 851 4003 990 4041; x_wconf 81' lang='lat' dir='ltr'>corr.</span> <span class='ocrx_word' id='word_1_286' title='bbox 1029 4004 1138 4040; x_wconf 90' lang='lat' dir='ltr'>nou</span> <span class='ocrx_word' id='word_1_287' title='bbox 1177 4004 1295 4041; x_wconf 90' lang='lat' dir='ltr'>cum</span> <span class='ocrx_word' id='word_1_288' title='bbox 1334 3987 1389 4041; x_wconf 90' lang='lat' dir='ltr'><em>P</em></span> <span class='ocrx_word' id='word_1_289' title='bbox 1525 3987 1590 4040; x_wconf 87' lang='lat'>19</span> <span class='ocrx_word' id='word_1_290' title='bbox 1627 3987 1875 4055; x_wconf 83' lang='lat' dir='ltr'>putatur]</span> <span class='ocrx_word' id='word_1_291' title='bbox 1911 3989 2136 4054; x_wconf 87' lang='lat' dir='ltr'>pacatur</span> <span class='ocrx_word' id='word_1_292' title='bbox 2179 3986 2329 4052; x_wconf 80' lang='lat' dir='ltr'>edd.;</span> <span class='ocrx_word' id='word_1_293' title='bbox 2367 3986 2630 4039; x_wconf 80' lang='lat' dir='ltr'>lacunam</span> <span class='ocrx_word' id='word_1_294' title='bbox 2664 3985 2875 4054; x_wconf 62' lang='lat' dir='ltr'>signifi-</span> 
     </span>
     <span class='ocr_line' id='line_1_34' title="bbox 589 4073 2879 4145; baseline -0 -16"><span class='ocrx_word' id='word_1_295' title='bbox 589 4075 719 4129; x_wconf 77' lang='lat' dir='ltr'>caui</span> <span class='ocrx_word' id='word_1_296' title='bbox 824 4076 895 4129; x_wconf 82' lang='lat'>20</span> <span class='ocrx_word' id='word_1_297' title='bbox 932 4076 1193 4145; x_wconf 82' lang='lat' dir='ltr'>uestrum]</span> <span class='ocrx_word' id='word_1_298' title='bbox 1234 4076 1378 4145; x_wconf 90' lang='lat' dir='ltr'>quod</span> <span class='ocrx_word' id='word_1_299' title='bbox 1415 4078 1654 4129; x_wconf 87' lang='lat' dir='ltr'>uestrum</span> <span class='ocrx_word' id='word_1_300' title='bbox 1695 4077 1781 4129; x_wconf 82' lang='lat' dir='ltr'>est</span> <span class='ocrx_word' id='word_1_301' title='bbox 1815 4075 2014 4129; x_wconf 90' lang='lat' dir='ltr'><strong><em>P¹VU</em></strong></span> <span class='ocrx_word' id='word_1_302' title='bbox 2044 4075 2163 4129; x_wconf 80' lang='lat' dir='ltr'>edd.</span> <span class='ocrx_word' id='word_1_303' title='bbox 2200 4091 2300 4129; x_wconf 80' lang='lat' dir='ltr'>sec.</span> <span class='ocrx_word' id='word_1_304' title='bbox 2343 4074 2500 4144; x_wconf 74' lang='lat' dir='ltr'>Vulq.</span> <span class='ocrx_word' id='word_1_305' title='bbox 2655 4073 2785 4143; x_wconf 91' lang='lat' dir='ltr'>quid</span> <span class='ocrx_word' id='word_1_306' title='bbox 2821 4074 2879 4128; x_wconf 83' lang='lat' dir='ltr'><em>R</em></span> 
     </span>
     <span class='ocr_line' id='line_1_35' title="bbox 589 4163 2952 4233; baseline -0 -17"><span class='ocrx_word' id='word_1_307' title='bbox 589 4164 659 4217; x_wconf 74' lang='lat'>22</span> <span class='ocrx_word' id='word_1_308' title='bbox 714 4163 965 4233; x_wconf 81' lang='lat' dir='ltr'>operibus</span> <span class='ocrx_word' id='word_1_309' title='bbox 1011 4163 1259 4218; x_wconf 85' lang='lat' dir='ltr'><strong><em>LPP¹V</em></strong></span> <span class='ocrx_word' id='word_1_310' title='bbox 1311 4168 1392 4232; x_wconf 88' lang='lat' dir='ltr'>(er</span> <span class='ocrx_word' id='word_1_311' title='bbox 1446 4169 1606 4232; x_wconf 76' lang='lat' dir='ltr'>eras.)</span> <span class='ocrx_word' id='word_1_312' title='bbox 1648 4165 1787 4231; x_wconf 81' lang='lat' dir='ltr'>aef</span> <span class='ocrx_word' id='word_1_313' title='bbox 1974 4165 2043 4218; x_wconf 81' lang='lat'>23</span> <span class='ocrx_word' id='word_1_314' title='bbox 2099 4164 2328 4217; x_wconf 66' lang='lat' dir='ltr'>frustra·</span> <span class='ocrx_word' id='word_1_315' title='bbox 2381 4163 2432 4216; x_wconf 91' lang='lat' dir='ltr'><strong><em>V</em></strong></span> <span class='ocrx_word' id='word_1_316' title='bbox 2632 4164 2704 4217; x_wconf 82' lang='lat'>24</span> <span class='ocrx_word' id='word_1_317' title='bbox 2758 4165 2874 4215; x_wconf 87' lang='lat' dir='ltr'>aui·</span> <span class='ocrx_word' id='word_1_318' title='bbox 2941 4185 2952 4196; x_wconf 77' lang='lat'>=</span> 
     </span>
     <span class='ocr_line' id='line_1_36' title="bbox 590 4251 944 4307; baseline -0.003 0"><span class='ocrx_word' id='word_1_319' title='bbox 590 4252 712 4307; x_wconf 86' lang='lat' dir='ltr'>cula</span> <span class='ocrx_word' id='word_1_320' title='bbox 747 4251 944 4306; x_wconf 86' lang='lat' dir='ltr'><em>P¹VU</em></span> 
     </span>
    </p>
   </div>
   <div class='ocr_carea' id='block_1_7' title="bbox 3363 3315 3366 4284">
    <p class='ocr_par' dir='ltr' id='par_1_8' title="bbox 3363 3315 3366 4284">
     <span class='ocr_line' id='line_1_37' title="bbox 3363 3315 3366 4284; baseline 0 0"><span class='ocrx_word' id='word_1_321' title='bbox 3363 3315 3366 4284; x_wconf 95' lang='lat' dir='ltr'> </span> 
     </span>
    </p>
   </div>
  </div>
 </body>
</html>
