3392 4917
591 333 677 397 48
1298 328 1350 383 S.
1409 329 1683 383 Aureli
1740 329 2174 398 Augustini

588 524 911 589 cauendus
959 543 1127 588 error
1170 526 1288 592 est.
1337 542 1414 587 ne
1460 523 1798 605 quisquam
1845 543 1970 587 non
2017 522 2094 586 de
2141 523 2420 600 homine,
2469 522 2581 586 sed
2629 523 2704 586 de
2742 523 2886 604 ipso

587 631 864 695 hominis
918 631 1084 696 bono
1142 631 1327 694 aliter
1381 631 1632 708 sentiat,
1689 650 1880 712 quam
1935 633 2172 694 ueritas
2225 631 2532 712 postulat.
2592 634 2665 694 tu
2710 649 2886 706 uem,

588 738 781 802 frater
825 736 1263 812 dilectissime,
1311 736 1421 817 qui
1467 736 1643 800 nullo
1690 736 1882 800 modo
1934 755 2102 800 erras
2140 735 2448 800 credendo
2485 737 2594 801 1161
2630 735 2888 800 sciendo

588 864 894 927 magnum
938 843 1178 907 bonum
1226 862 1367 907 esse
1410 843 1683 907 libenter
1728 843 1847 907 deo
1894 846 2195 924 casteque
2243 843 2500 920 seruire,
2540 844 2889 925 quemlibet

590 951 921 1015 hominum
964 953 1295 1033 propterea
1341 948 1590 1033 diligas.
1631 950 1802 1031 quod
1838 949 2028 1013 huius
2069 949 2216 1014 boni
2251 950 2622 1033 participem
2660 949 2887 1032 eredis,
2954 969 2984 1007 5

588 1061 805 1122 tecum
852 1059 952 1120 est
996 1056 1245 1120 fructus
1292 1058 1465 1132 tuus.
1515 1056 1709 1120 etiam
1755 1056 1811 1120 si
1855 1056 1965 1119 ille
2023 1075 2146 1119 non
2200 1057 2292 1119 ita
2346 1056 2451 1122 sit.
2510 1061 2891 1138 quapropter

589 1164 710 1227 tibi
766 1163 843 1226 de
898 1164 1018 1227 hac
1076 1183 1145 1226 re
1191 1162 1639 1246 gratulandum
1685 1164 1813 1237 est3
1861 1162 1960 1225 illi
2006 1168 2222 1226 autem
2268 1181 2414 1239 non,
2461 1162 2517 1225 si
2561 1166 2890 1244 propterea

592 1269 901 1352 diligitur,
940 1269 1057 1332 sed
1102 1268 1161 1332 si
1206 1268 1356 1332 talis
1403 1271 1522 1345 est,
1570 1269 1825 1349 qualem
1875 1287 2018 1332 esse
2065 1265 2405 1345 existimat,
2455 1287 2492 1331 a
2537 1287 2660 1350 quo
2707 1287 2891 1351 prop·

590 1381 763 1440 terea
808 1375 1115 1459 diligitur.
1182 1377 1404 1456 quales
1449 1376 1665 1455 itaque
1711 1393 1827 1438 nos
1874 1374 2077 1439 simus
2119 1377 2552 1457 quantumque
2595 1375 2662 1437 in
2700 1374 2890 1437 deum

590 1481 1120 1566 promoueiimuS‚
1203 1482 1343 1563 ipse
1425 1482 1679 1558 uiderit,
1748 1482 1930 1546 cuius
1995 1502 2120 1547 non
2193 1482 2406 1545 solum
2472 1481 2549 1544 de
2611 1480 2889 1544 hominis
2929 1502 2984 1540 10

590 1591 776 1666 bono,
825 1589 940 1652 sed
987 1588 1064 1651 de
1109 1587 1365 1652 homine
1410 1589 1551 1669 ipso
1599 1607 1723 1652 non
1768 1591 1988 1670 potest
2031 1606 2234 1652 errare
2275 1588 2607 1652 iudicium.
2653 1588 2774 1651 tibi
2811 1587 2892 1649 ad

591 1695 944 1759 mercedem
998 1694 1439 1770 beatitudinis,
1498 1695 1670 1777 quod
1725 1696 1805 1759 ad
1867 1696 2030 1760 hanc
2075 1714 2210 1759 rem
2255 1695 2515 1769 adtinet,
2563 1695 2721 1757 satis
2767 1699 2888 1762 est,

593 1802 764 1883 quod
827 1821 943 1865 nos
998 1802 1163 1865 tales
1230 1801 1513 1878 credens,
1562 1802 1783 1883 quales
1830 1820 1971 1865 esse
2018 1804 2268 1883 oportet
2313 1819 2533 1864 seruos
2581 1801 2703 1874 dei.
2750 1802 2888 1862 toto

592 1908 737 1971 sinu
782 1907 991 1972 cordis
1040 1906 1462 1989 amplecteris
1508 1907 1749 1990 gratias
1794 1926 1946 1971 uero
1983 1907 2103 1970 tibi
2138 1908 2365 1971 uberes
2412 1906 2682 1989 agimus,
2723 1905 2893 1986 quod

594 2032 707 2078 nos
756 2032 903 2076 cum
948 2014 1193 2090 laudas,
1242 2019 1572 2095 tamquam
1607 2015 1774 2078 tales
1813 2015 2038 2089 simus».
2075 2013 2450 2077 mirabiliter
2483 2011 2773 2088 hortaris,
2811 2014 2886 2074 ut
2919 2040 2972 2080 15

591 2120 755 2184 tales
776 2139 918 2184 esse
938 2120 1303 2201 cupiamus;
1342 2121 1666 2184 uberiores
1698 2121 1908 2196 etiam,
1935 2120 1993 2184 si
2019 2140 2141 2184 non
2161 2120 2372 2185 solum
2400 2124 2466 2183 te
2487 2117 2888 2183 commendes

595 2227 989 2291 orationibus
1053 2228 1311 2303 11631113,
1380 2226 1495 2291 36(1
1549 2226 1746 2290 etiam
1798 2245 1910 2310 pro
1967 2227 2150 2291 nobis
2206 2246 2380 2290 orare
2433 2246 2557 2291 non
2613 2228 2891 2307 praeter-

592 2334 837 2397 mittaS.
886 2335 1126 2418 gratior
1170 2336 1336 2399 enim
1386 2335 1504 2399 deo
1552 2339 1653 2399 est
1695 2354 1809 2416 pro
1854 2335 2047 2398 fratre
2093 2335 2474 2416 deprecatiO‚
2528 2333 2642 2395 ubi
2696 2331 2890 2394 sacri-

592 2439 809 2503 ficium
857 2442 1139 2505 caritatis
1188 2441 1465 2505 offertur.

682 2546 1032 2610 Paruulum
1094 2550 1280 2610 tuum
1344 2548 1689 2629 plurimum
1755 2547 1966 2611 saluto
2031 2553 2098 2611 et
2152 2547 2503 2611 secundum
2557 2547 2892 2626 praecepta
2927 2568 2984 2606 20

596 2652 835 2716 domini
890 2653 1198 2717 salutaria
1253 2659 1403 2737 opto
1460 2653 1896 2737 grandescere.
1945 2653 2162 2716 domui
2209 2672 2461 2735 quoque
2505 2654 2653 2713 tuae
2696 2669 2891 2713 unam

596 2758 787 2821 fidem
832 2765 897 2822 et
943 2760 1351 2823 deuotionem
1395 2779 1630 2824 ueram.
1670 2779 1832 2842 quae
1879 2760 2018 2824 sola
2055 2759 2366 2823 catholiea
2403 2760 2522 2822 est.
2559 2757 2891 2837 prouenire

598 2864 886 2929 desidero
934 2869 1001 2929 et
1044 2885 1282 2948 precor.
1328 2866 1394 2929 in
1442 2886 1631 2949 quam
1676 2885 1811 2929 rem
1858 2867 1913 2931 si
1961 2885 2150 2948 quam
2186 2866 2349 2929 forte
2387 2864 2577 2927 aliam
2613 2871 2890 2926 nostram

599 2989 853 3051 operam
882 2973 1305 3035 necessariam
1334 2972 1677 3040 existimas.
1718 2993 1796 3036 ne
1831 2972 1952 3036 tibi
1990 2972 2245 3035 dubites
2273 2969 2594 3034 uindicare
2623 2972 2688 3030 et
2724 2986 2892 3031 com-

597 3076 777 3139 muni
809 3076 1062 3141 domino
1088 3077 1291 3140 fretus
1323 3080 1387 3140 et
1414 3077 1547 3141 iure
1586 3078 1890 3142 caritatis.
1917 3076 2083 3140 illud
2110 3096 2260 3140 sane
2289 3074 2721 3138 admonuerim
2745 3074 2892 3136 reli-
2929 3099 2982 3136 ³5

598 3182 1029 3265 giosissimam
1074 3183 1469 3263 prudentiam
1516 3189 1714 3252 tuam.
1760 3188 1834 3248 ut
1878 3185 2172 3248 timorem
2221 3182 2323 3245 dei
2377 3199 2500 3244 non
2552 3179 2891 3243 inrationa-

598 3287 793 3352 bilem
848 3289 956 3352 uel
1008 3289 1251 3353 inseras
1307 3290 1758 3357 infirmiori
1811 3291 1990 3354 uasi
2045 3297 2156 3354 tuo
2212 3288 2321 3352 uel
2376 3286 2618 3350 nutrias
2675 3285 2890 3348 diuina

778 3481 848 3532 2?
884 3479 915 3533 Ι
950 3480 1097 3533 Petr.
1133 3481 1185 3540 3.
1226 3482 1258 3531 ‘a'

676 3602 701 3654 l
744 3605 827 3655 est
866 3619 1013 3655 error
1048 3603 1105 3657 R
1137 3604 1259 3658 edd.
1406 3607 1441 3658 2
1478 3617 1609 3658 tunc
1644 3604 1720 3657 Ρι
1863 3608 1898 3657 4
1946 3603 2268 3672 quemlibet]
2313 3619 2431 3654 cum
2480 3599 2778 3668 quemlibet
2813 3598 2888 3651 P·

600 3690 723 3742 edd.
832 3692 867 3744 5
895 3692 1167 3744 1161111116111
1195 3691 1249 3744 L
1393 3692 1577 3761 diligis
1613 3694 1736 3746 edd.
1838 3694 1870 3745 6
1905 3700 2030 3760 post
2057 3701 2236 3743 tecum
2267 3708 2335 3741 m.
2365 3697 2428 3741 ut
2451 3690 2671 3740 uidetur
2696 3692 2727 3739 1
2755 3687 2888 3739 add.

602 3796 655 3847 q.
680 3777 733 3829 L
842 3779 957 3849 ille]
990 3781 1087 3838 ita.
1116 3797 1253 3834 corr.
1286 3799 1377 3848 χιι.
1406 3781 1511 3834 121
1551 3783 1645 3835 ille
1672 3782 1728 3835 L
1801 3784 1832 3834 ‘a'
1870 3783 1971 3834 hac
2051 3796 2260 3848 panta
2283 3783 2420 3831 ras?¹
2451 3777 2504 3829 L
2579 3778 2644 3829 13
2673 3787 2888 3844 oportet

602 3883 705 3920 on.
741 3867 796 3920 L
904 3873 1121 3937 oportet
1160 3886 1279 3923 esse
1314 3871 1437 3923 edd.
1582 3889 1755 3928 seruo.
1791 3888 1861 3923 n.
1901 3877 1931 3923 1
1968 3886 2108 3923 corr.
2145 3884 2330 3921 seruos
2366 3866 2420 3919 L
2521 3866 2587 3918 15
2625 3882 2724 3917 1163
2761 3882 2888 3916 con·

600 3954 793 4008 laudas
828 3955 991 4010 LOP
1122 3965 1253 4026 post
1287 3961 1455 4012 simus
1494 3978 1561 4013 m.
1598 3967 1661 4012 ut
1696 3960 1920 4012 uidetur
1955 3966 1984 4010 1
2021 3958 2154 4011 add.
2193 3967 2250 4009 et
2275 3955 2329 4008 L
2441 3956 2506 4007 16
2544 3953 2888 4010 commendis.

602 4059 739 4098 corr.
777 4045 1119 4100 commendes
1154 4047 1212 4099 P
1337 4050 1401 4100 17
1438 4065 1546 4102 11611
1584 4049 1988 4116 praetermittas
2027 4062 2180 4099 orare
2215 4062 2312 4114 pro
2351 4043 2522 4095 nobis.
2563 4043 2770 4111 gratior
2805 4055 2888 4094 est

602 4132 747 4185 enim
784 4131 886 4186 deo
923 4135 1045 4188 edd.
1152 4137 1225 4189 24
1260 4136 1537 4190 uindicare
1574 4136 1790 4190 dubites
1827 4137 1950 4190 cdd.
2059 4137 2131 4187 25
2169 4143 2224 4186 et
2261 4149 2364 4185 om.
2391 4131 2468 4184 Ρι
2507 4147 2590 4184 ae
2697 4131 2766 4182 ἓῖ
2803 4131 2887 4182 111-

602 4220 1103 4277 firmiori—nutrias
1140 4241 1242 4277 om.
1278 4224 1331 4276 L
