3392 4917
535 1119 573 1181 5

530 2600 568 2661 6

627 299 709 360 58
1340 296 1391 350 S.
1449 295 1720 349 Aureli
1778 294 2211 365 Augustini

623 490 846 571 possit,
895 493 1025 566 aut,
1075 490 1130 554 si
1177 490 1252 554 ab
1301 510 1422 555 una
1474 490 1744 555 ecclesia
1788 490 2143 556 inchoanda
2200 493 2298 555 est
2352 490 2685 569 medicina,
2744 490 2913 558 sicut

622 595 879 660 uidetur
921 595 1220 660 audaciae
1266 598 1511 660 mutare
1559 596 1790 674 conari,
1841 596 2007 678 quod
2058 592 2597 681 Carthaginiensis
2645 597 2915 661 ecclesia

622 705 815 779 tenet,
909 702 999 766 sic
1089 721 1354 786 magnae
1444 703 1855 784 inpudentiae
1940 706 2040 767 est
2128 704 2293 768 uelle
2387 722 2658 781 seruare,
2744 704 2912 786 quod

625 808 1165 893 Carthaginiensis
1232 809 1502 874 ecclesia
1565 810 1850 875 correxit.
1917 809 1996 873 ad
2054 810 2216 873 hanc
2279 812 2490 874 autem
2560 829 2694 874 rem
2768 809 2910 892 quis

624 917 786 982 alius
853 916 1186 999 episcopus
1245 920 1417 980 esset
1472 916 1806 999 optandus,
1863 916 1987 980 nisi
2044 916 2155 998 qui
2201 934 2274 980 ea
2319 916 2622 981 diaconus
2671 935 2909 982 execra-
2972 940 2999 976 5

624 1023 853 1089 batur?

711 1129 834 1195 Sed
891 1128 1059 1211 quod
1113 1132 1247 1193 erat
1300 1132 1454 1193 tunc
1509 1125 1872 1207 dolendum,
1928 1149 2097 1193 nunc
2153 1128 2561 1194 auferendum
2626 1131 2725 1194 est
2786 1149 2910 1194 non

622 1254 862 1317 aspere,
930 1235 1062 1313 sed,
1130 1235 1300 1300 sicut
1364 1235 1671 1317 scriptum
1729 1239 1847 1314 est,
1906 1236 1981 1298 in
2038 1236 2341 1317 spiritu
2406 1235 2787 1300 lenitatis
2836 1240 2913 1300 et

619 1342 1299 1406 mansuetudinis
1368 1341 1518 1405 dant
1582 1341 1748 1405 enim
1813 1342 1971 1406 mihi
2046 1342 2341 1406 fiduciam
2415 1342 2666 1406 litterae
2739 1345 2908 1419 tuae,

619 1449 861 1514 indices
927 1448 1443 1532 germanissimae
1510 1448 1811 1526 caritatis,
1875 1451 1951 1512 ut
2011 1451 2227 1514 tecum
2285 1451 2610 1529 tamquam
2658 1467 2910 1513 mecum
2946 1470 2998 1508 ιο

621 1555 887 1619 audeam
953 1555 1270 1636 conloqui.
1336 1574 1460 1618 non
1527 1574 1674 1639 ergo
1742 1574 1982 1637 aspere,
2052 1559 2359 1636 quantum
2427 1555 2738 1633 existimo,
2786 1574 2910 1620 non

621 1661 877 1739 duriter,
943 1680 1066 1725 non
1130 1660 1317 1725 modo
1382 1661 1722 1743 imperioso
1786 1662 1913 1726 ista
1984 1661 2319 1739 tolluntur,
2366 1661 2571 1746 magis
2628 1661 2907 1725 docendo

621 1787 810 1850 quam
879 1766 1176 1843 iubendo,
1251 1766 1457 1850 magis
1529 1767 1841 1832 monendo
1915 1786 2102 1849 quam
2175 1767 2493 1831 minando.
2577 1767 2670 1831 sic
2743 1766 2910 1830 enim

620 1872 932 1957 agendum
981 1876 1078 1937 est
1125 1892 1271 1937 cum
1315 1873 1748 1950 multitudine,
1798 1874 2106 1938 seueritas
2153 1876 2366 1937 autem
2424 1872 2765 1937 exercenda
2811 1873 2912 1936 est

617 1980 680 2043 in
727 1983 988 2061 peccata
1031 1998 1414 2061 paucorum..
1448 1982 1512 2042 et
1557 1980 1613 2043 si
1662 1979 1813 2061 quid
1859 1980 2195 2057 minamur,
2245 1998 2391 2043 cum
2432 1979 2644 2044 dolore
2682 1978 2794 2042 fiat
2830 1978 2907 2042 de
2946 1998 2997 2035 1⁵

619 2085 949 2166 scripturis
997 2085 1431 2150 comminando
1479 2084 1833 2149 uindictam
1869 2085 2167 2165 futuram,
2197 2105 2276 2149 ne
2304 2104 2418 2150 nos
2448 2084 2576 2166 ipsi
2602 2084 2665 2147 in
2694 2086 2910 2148 nostra

615 2196 953 2274 potestate,
1003 2193 1113 2257 sed
1153 2193 1307 2257 deus
1346 2192 1410 2255 in
1450 2196 1662 2258 nostro
1695 2211 1980 2258 sermone
2012 2193 2334 2259 timeatur.
2362 2193 2455 2256 ita
2480 2191 2657 2274 prius
2693 2208 2907 2254 moue-

615 2299 853 2363 buntur
899 2298 1215 2380 spiritales
1262 2299 1368 2363 uel
1413 2299 1807 2380 spiritalibus
1863 2300 2152 2382 proximi,
2210 2316 2476 2380 quorum
2535 2296 2907 2361 auctoritate

620 2411 683 2469 et
726 2406 1069 2469 lenissimis
1119 2406 1371 2487 quidem
1421 2405 1531 2469 sed
1575 2405 2061 2470 instantissimis
2109 2404 2644 2470 admonitionibus
2704 2404 2910 2468 cetera

615 2512 960 2576 multitudo
1006 2512 1350 2596 frangatur.
2935 2525 2988 2562 ²0

707 2618 831 2683 Sed
878 2619 1171 2699 quoniam
1217 2618 1379 2682 istae
1427 2617 1490 2680 in
1540 2616 1865 2681 cimiteriis
1915 2618 2252 2682 ebrietates
2302 2621 2366 2682 ct
2409 2617 2733 2681 luxuriosa
2763 2634 2905 2680 con-

614 2723 792 2787 uiuia
836 2742 959 2787 non
1009 2724 1219 2787 solum
1266 2722 1533 2787 honores
1581 2725 1930 2805 martyrum
1978 2743 2014 2786 a
2059 2723 2288 2786 carnali
2328 2726 2393 2787 et
2419 2722 2687 2804 inperita
2721 2722 2904 2804 plebe

617 2828 784 2892 credi
830 2829 1055 2907 solent,
1104 2829 1215 2894 sed
1255 2829 1444 2893 etiam
1484 2828 1713 2895 solatia
1739 2830 2154 2907 mortuorum,
2187 2829 2345 2892 mihi
2370 2829 2627 2894 uidetur
2652 2828 2906 2893 facilius

793 3140 825 3193 8
866 3138 983 3194 Gal.
1025 3141 1075 3206 6,
1115 3142 1171 3207 13
1209 3141 1238 3194 Ι
1277 3142 1396 3196 Cor.
1435 3142 1486 3206 4,
1527 3142 1593 3195 21

687 3317 715 3367 1
761 3316 802 3368 si
846 3315 935 3385 ab]
973 3314 1072 3370 sub
1110 3315 1243 3370 PP³
1279 3321 1333 3386 (u
1371 3333 1437 3371 ex
1474 3332 1611 3371 corr.
1649 3333 1719 3369 m.
1756 3318 1810 3386 2)
1932 3318 1965 3370 2
2002 3318 2202 3371 mutari
2239 3316 2317 3370 P2
2461 3316 2903 3388 Carthaginensis

617 3404 736 3458 edd.
848 3405 880 3457 3
918 3406 981 3470 si,
1019 3422 1087 3459 m.
1125 3410 1164 3459 2
1201 3407 1278 3460 sic
1313 3407 1390 3460 Ρ1
1535 3406 1701 3476 quod]
1744 3422 1903 3476 quem
1951 3424 1988 3461 α
2035 3423 2173 3475 quae
2221 3411 2337 3461 cett.
2375 3406 2495 3461 edd.
2604 3408 2640 3460 4
2678 3406 2903 3461 Cartha·

617 3493 859 3561 ginensis
898 3494 1016 3547 edd.
1167 3496 1200 3548 5
1239 3512 1373 3558 esse.
1413 3512 1550 3550 corr.
1593 3501 1683 3560 (m.
1721 3494 1825 3559 1?)
1862 3497 2006 3548 esset
2040 3495 2117 3548 Ρι
2286 3493 2557 3564 optandi8‚
2594 3510 2731 3548 corr.
2768 3511 2836 3547 m.
2875 3498 2907 3547 1

617 3580 887 3649 optandus
918 3579 964 3634 S
1105 3582 1200 3651 qui
1238 3599 1318 3646 ea,
1357 3584 1454 3637 sed
1490 3600 1517 3637 e
1557 3600 1622 3637 ex
1659 3599 1794 3637 corr.
1837 3588 1924 3650 (m.
1965 3581 2046 3636 1?
2079 3582 2261 3650 fuitne
2285 3585 2312 3635 t
2341 3583 2391 3652 .2)
2421 3580 2502 3635 P²
2541 3583 2738 3649 quiea,
2768 3599 2836 3635 m.
2866 3585 2905 3635 2

617 3670 709 3738 qui
747 3677 810 3723 ea
847 3668 923 3722 1³³
1019 3671 1053 3724 9
1091 3670 1339 3724 fiduciam
1378 3672 1512 3725 mihi
1551 3671 1596 3726 S
1701 3672 1915 3735 fiducia,
1954 3687 2024 3725 m.
2062 3675 2102 3725 2
2139 3671 2389 3725 fiduciam
2427 3670 2504 3724 Ρ1
2598 3671 2663 3724 10
2698 3670 2904 3723 indices

610 3760 656 3823 (s
708 3775 773 3813 ex
816 3774 929 3814 ras.
970 3764 1021 3813 et
1056 3775 1192 3813 corr.
1239 3777 1308 3814 m.
1346 3765 1410 3814 ut
1444 3761 1562 3816 uid.
1611 3760 1662 3831 1)
1701 3760 1757 3813 P
1936 3761 1999 3813 ll
2048 3776 2235 3829 aspere
2283 3758 2552 3828 estuandn
2598 3759 2792 3832 estimo
2828 3756 2936 3829 1³²,

619 3847 684 3900 12
723 3846 881 3900 modo
920 3863 1023 3901 om.
1058 3845 1138 3901 1³2
1292 3849 1650 3918 imperitioIse
1687 3849 1744 3902 P
1778 3849 2097 3917 imperiosae
2138 3852 2192 3913 (a
2229 3865 2345 3916 exp.
2387 3854 2436 3902 et
2470 3864 2635 3916 super
2670 3863 2699 3900 e
2734 3864 2803 3901 m.
2840 3852 2906 3900 ut

614 3934 732 3988 uid.
769 3939 800 3988 1
836 3952 866 3987 o
907 3934 1055 3999 add„
1093 3935 1189 3989 sed
1235 3938 1396 4003 erae.)
1437 3937 1512 3989 Ρ1
1553 3936 1844 4006 imperiose
1880 3934 1959 3989 Ρ2
2002 3936 2287 4005 imperiose
2336 3933 2595 3989 8ΗΡ3Ρ·1
2774 3934 2901 4003 ista]

616 4023 695 4075 ita
730 4020 862 4076 PP³
1005 4022 1232 4077 dicendo
1270 4023 1326 4076 P
1435 4024 1500 4078 15
1538 4024 1611 4076 im
1640 4023 1686 4078 S
1793 4024 1859 4078 16
1898 4022 2141 4077 uindicta
2176 4022 2360 4076 futura
2395 4039 2495 4075 nec
2522 4020 2600 4075 1³2
2710 4023 2773 4075 17
2807 4022 2900 4076 do·

614 4111 792 4164 minus
829 4108 905 4164 Ρ·ί
996 4111 1181 4180 itaque
1222 4113 1359 4180 aes
1439 4113 1691 4182 primitus
1729 4110 1806 4165 Ρ2
1882 4113 1947 4166 21
1991 4111 2308 4165 cimitheriis
2337 4110 2391 4162 P
2427 4111 2720 4181 cymiteriis
2749 4110 2902 4166 P²P3

616 4199 932 4262 climiterii8‚
969 4217 1038 4254 m.
1076 4204 1114 4253 2
1153 4201 1446 4270 cymiteriis
1475 4200 1522 4255 S
1548 4201 1873 4255 coemiteriis
1910 4201 2024 4269 efl
2060 4201 2396 4256 coemeteriis
2431 4217 2533 4254 rm
