3392 4917
436 1601 486 1638 10

435 2130 484 2167 15

375 2753 480 2808 ‚20

1245 331 1782 399 epistularum
1836 331 2117 385 IIII—VI.
2736 337 2811 399 11

527 528 704 590 tanta
749 525 968 589 insunt
1011 525 1386 607 praesentia,
1429 528 1663 606 quanta
1712 524 1834 589 sibi
1883 524 2149 608 quisque
2198 526 2334 607 ipse
2380 527 2454 590 fit
2497 546 2817 608 praesens.

525 634 732 697 recole
771 634 844 695 tu
884 650 1162 713 quoque:
1212 649 1357 694 nam
1404 638 1464 694 te
1509 632 1714 696 fateor
1760 632 1950 696 huius
1996 632 2089 696 rei
2137 651 2279 697 esse
2328 632 2816 717 diligentiorem,

502 723 602 803 ¹ne
661 738 814 821 quid
869 739 1030 802 forte
1088 736 1377 802 nesciens
1430 738 1759 820 rescriptis
1826 738 2031 803 adhuc
2099 739 2382 805 debeam.
2461 759 2605 803 nam
2660 741 2818 805 mihi

528 866 649 911 non
688 845 846 910 facit
880 845 1070 909 fidem
1106 847 1240 907 tam
1278 844 1628 908 multorum
1660 864 1942 923 onerum,
1976 864 2134 927 quae
2166 845 2501 926 aliquando
2534 866 2818 912 numera-

525 971 762 1028 ueram,
811 955 945 1015 tam
991 951 1320 1032 repentina
1367 950 1704 1031 depositio,
1755 952 2046 1033 quamuis
2093 955 2157 1015 te
2206 956 2527 1035 accepisse
2573 954 2818 1019 litteras

527 1077 701 1121 meas
751 1076 873 1122 non
926 1055 1236 1133 dubitem,
1286 1075 1552 1138 quarum
1598 1058 1907 1139 rescripta
1952 1076 2075 1122 non
2124 1059 2346 1123 habeo.

1628 1234 1707 1297 V.

1224 1354 1641 1409 AUGUSTINO
1689 1355 2105 1430 NEBRIDIUS.

611 1464 789 1527 Itane
848 1466 966 1539 est,
1022 1463 1113 1525 mi
1167 1461 1571 1545 Augustius?
1628 1462 2068 1527 fortitudinem
2126 1482 2197 1526 ac
2253 1463 2654 1527 tolerantiam
2712 1482 2816 1527 ne-

523 1569 715 1653 gotiis
793 1569 1032 1633 ciuium
1105 1571 1392 1650 praestas
1466 1569 1738 1632 necdum
1809 1568 1932 1633 tibi
2003 1568 2289 1632 redditur
2351 1568 2464 1632 illa
2528 1572 2819 1650 exoptata

524 1675 836 1740 cessatio?
888 1693 1143 1757 quaeso,
1193 1674 1302 1757 qui
1348 1677 1412 1737 te
1461 1676 1713 1738 tantum
1758 1674 1998 1738 bonum
2035 1674 2326 1739 homines
2368 1674 2815 1757 interpellant?

523 1783 728 1860 credo,
788 1781 898 1865 qui
953 1781 1267 1859 nesciunt,
1327 1780 1476 1862 quid
1535 1800 1728 1859 ameS,
1788 1780 1940 1864 quid
2007 1780 2442 1863 concupiscas
2519 1782 2816 1847 nullusne

521 1888 640 1951 tibi
688 1892 786 1952 est
833 1887 1206 1964 amicorum,
1267 1887 1376 1969 qui
1431 1887 1525 1951 eis
1584 1906 1832 1952 amores
1887 1887 2119 1951 reserat
2173 1890 2364 1953 tuos?
2429 1907 2546 1953 nec
2592 1888 2816 1952 Roma-

522 1995 747 2059 nianus
797 2013 910 2058 nec
957 1993 1392 2058 Lucinianus?
1450 2013 1550 2057 me
1600 1996 1768 2058 certe
1817 1993 2099 2057 audiant.
2176 2013 2293 2077 ego
2342 1994 2648 2073 clamabo,
2698 2014 2814 2079 ego

521 2101 805 2164 testabor
867 2102 931 2164 te
991 2100 1180 2164 deum
1245 2118 1474 2176 amare,
1523 2099 1620 2163 illi
1668 2099 1908 2163 seruire
1957 2102 2145 2181 atque
2191 2100 2519 2164 inhaerere
2568 2120 2814 2184 cupere.

522 2207 758 2271 uellem
807 2225 925 2290 ego
972 2209 1038 2270 te
1086 2206 1150 2269 in
1196 2224 1305 2270 rus
1363 2225 1577 2269 meum
1632 2225 1861 2270 uocare
1916 2206 2132 2288 ibique
2190 2206 2615 2288 adquiescere.
2690 2227 2813 2272 non

523 2313 690 2376 enim
754 2312 995 2377 timebo
1061 2331 1163 2376 me
1231 2311 1632 2376 seductorem
1695 2311 1794 2375 tui
1864 2311 1991 2376 dici
2046 2331 2083 2375 a
2139 2312 2389 2376 ciuibus
2444 2313 2596 2390 tuis,
2655 2332 2815 2395 quos

521 2418 789 2482 nimium
839 2439 1013 2483 amas
1065 2421 1129 2482 et
1175 2437 1210 2481 a
1258 2418 1489 2500 quibus
1538 2417 1808 2482 nimium
1856 2418 2107 2482 amaris,

1611 2595 1721 2658 VI.

1222 2716 1639 2772 AUGUSTINO
1689 2717 1742 2770 N
1745 2716 2104 2771 EBRIDIUS.

607 2825 933 2907 Epistulas
989 2827 1133 2888 tuas
1179 2826 1504 2907 perplacet
1549 2824 1639 2888 ita
1688 2843 1942 2889 seruare
1988 2826 2064 2888 ut
2111 2826 2332 2890 oculos
2388 2844 2584 2893 meos,
2663 2830 2812 2888 sunt

520 2930 687 2994 enim
743 2950 1008 3016 magnae
1065 2950 1187 2994 non
1248 2930 1600 3012 quantitate
1660 2931 1774 2995 sed
1828 2931 2018 2995 rebus
2069 2934 2133 2995 et
2177 2951 2548 3014 magnarum
2602 2950 2810 2994 rerum

592 3107 616 3158 1
671 3108 874 3172 quanto
920 3104 1029 3157 LP
1073 3107 1231 3172 (corr.
1282 3090 1509 3172 quanta)
1554 3102 1687 3158 RP¹
1734 3104 1854 3159 edd.
1892 3109 2118 3172 praeter
2153 3121 2205 3156 m
2387 3105 2503 3174 ipse
2543 3120 2644 3158 om.
2686 3104 2806 3158 edd.

517 3195 591 3247 sit
626 3193 757 3249 RP¹
794 3194 913 3247 edd.
1024 3194 1056 3245 3
1096 3191 1359 3245 debebam
1396 3191 1473 3245 ΡΙ
1579 3193 1614 3245 4
1651 3208 1762 3244 non
1800 3192 1951 3261 facit]
1992 3192 2208 3246 conficit
2244 3192 2447 3248 RP1a.

695 3301 746 3353 L
785 3323 851 3343 =
891 3298 1003 3352 cod.
1040 3297 1436 3350 laudunensis
1471 3300 1583 3350 134
1618 3312 1658 3351 s,
1699 3298 1810 3351 IX.

693 3388 749 3439 P
784 3412 851 3431 =
891 3387 1005 3441 cod.
1046 3386 1348 3438 Parisinus
1383 3401 1512 3439 nou.
1556 3401 1671 3452 aeq.
1710 3389 1863 3438 1672
1898 3402 1940 3439 s.
1980 3386 2092 3439 IX.

694 3475 849 3527 P1=
889 3475 1004 3528 cod.
1045 3474 1345 3527 Parisinus
1381 3476 1569 3527 12210
1604 3490 1645 3526 s,
1684 3474 1760 3527 X.

694 3563 748 3618 R
787 3588 852 3608 =
893 3564 1007 3619 cod.
1046 3563 1198 3615 Mus.
1236 3562 1381 3614 Brit.
1418 3562 1548 3630 Rey.
1596 3563 1630 3613 5
1664 3562 1724 3614 D
1770 3554 1859 3615 VI
1887 3579 1927 3616 s.
1968 3562 2285 3615 XI—XII.

588 3670 621 3723 8
659 3668 1082 3736 Inscriptionem
1118 3684 1219 3721 om.
1248 3667 1303 3721 R
1342 3667 1459 3719 edd.
1490 3672 1716 3734 praeter
1742 3685 1795 3720 m
1938 3668 2272 3721 nembridius
2301 3669 2356 3721 P
2452 3668 2483 3721 9
2523 3668 2596 3720 mi
2626 3684 2726 3721 om.
2753 3668 2805 3720 P

516 3760 585 3813 10
625 3761 681 3810 et
721 3761 911 3827 optata
946 3757 999 3809 L
1112 3757 1171 3809 11
1217 3772 1337 3826 que,
1377 3771 1513 3809 corr.
1553 3756 1645 3824 qui
1681 3755 1757 3809 P¹
1902 3759 2016 3810 tam
2053 3757 2173 3809 edd.
2328 3756 2553 3824 bonum]
2601 3755 2802 3808 bonum

515 3848 658 3900 inter
697 3848 863 3913 (inter
900 3848 1041 3913 exp.)
1071 3843 1148 3897 1²1
1259 3846 1326 3897 12
1366 3862 1511 3898 ames
1552 3847 1606 3898 et
1645 3846 1775 3915 quid
1804 3845 1856 3897 P
1969 3846 2032 3899 13
2072 3845 2149 3898 ibi
2181 3846 2235 3898 P
2332 3846 2398 3898 14
2434 3845 2722 3898 lucilianus
2752 3845 2808 3897 P

514 3936 762 3988 lucianus
797 3934 853 3989 R
893 3950 1003 4000 ae‚·
1039 3933 1109 4001 cs.
1137 3951 1198 4001 p.
1240 3937 1336 4000 23,
1377 3938 1415 3986 8
1543 3933 1609 3986 16
1647 3935 1859 4004 tibique
1898 3935 1951 3987 P
2071 3934 2133 3986 18
2175 3934 2227 4002 a]
2267 3934 2323 3986 in
2361 3934 2491 3989 Ra.

695 4040 852 4093 Idem
889 4040 1112 4103 codicem,
1150 4040 1246 4108 qui
1281 4040 1343 4092 in
1381 4057 1458 4108 ep.
1508 4040 1572 4092 V.

590 4147 658 4200 20
696 4146 1119 4215 Inscmptionem
1156 4162 1257 4199 om.
1288 4145 1344 4200 R
1514 4147 1790 4200 nebridius
1830 4146 2119 4216 augustino
2160 4146 2287 4200 LP¹
2458 4145 2801 4215 augustinus,

520 4251 656 4289 corr.
697 4235 987 4304 augustino
1025 4235 1080 4287 P
1217 4234 1547 4288 nembridius
1587 4235 1640 4288 P
