3392 4917
421 1510 471 1549 10

422 2037 471 2080 15

423 2575 475 2614 20

419 3104 470 3145 25

1312 330 1848 399 epistularum
1904 330 1997 386 XI.
2710 335 2791 398 27

507 522 730 588 deinde
787 525 862 588 ut
914 524 1038 588 hoc
1093 525 1201 587 uel
1254 524 1419 588 illud
1476 525 1581 601 sit,
1636 525 1825 589 tertio
1883 529 1956 590 ut
2008 526 2072 589 in
2133 544 2205 590 eo
2254 525 2417 607 ipso,
2468 526 2636 608 quod
2684 530 2800 604 est,

504 633 775 709 maneat,
816 633 1125 711 quantum
1170 633 1404 712 potest.
1454 632 1733 714 primum
1777 632 1941 696 illud
1989 651 2246 713 causam
2292 632 2499 715 ipsam
2544 634 2802 697 naturae

508 740 802 815 ostentat,
871 756 942 802 ex
1007 757 1131 820 qua
1196 741 1346 802 sunt
1410 738 1655 815 omnia3
1725 740 1994 803 alterum
2070 739 2370 822 speciem,
2427 759 2539 825 per
2611 758 2798 822 quam

505 844 892 908 fabricantur
947 847 1013 907 et
1088 845 1360 927 quodam
1433 845 1622 910 modo
1657 893 1963 911 .......
1994 845 2468 928 formanturque
2553 845 2797 918 omnia;

507 952 769 1015 tertium
814 951 1197 1015 manentiam
1238 950 1573 1034 quandam,
1613 954 1687 1015 ut
1722 952 1813 1015 ita
1852 951 2077 1030 dicam,
2114 952 2179 1015 in
2223 971 2347 1035 qua
2385 954 2534 1017 sunt
2570 952 2799 1016 omnia.

507 1059 676 1142 quod
733 1059 795 1122 si*
843 1058 978 1123 fieri
1032 1061 1267 1142 potest,
1325 1062 1399 1122 ut
1455 1058 1694 1141 aliquid
1751 1059 1836 1123 sit
1892 1061 1954 1123 et
2009 1079 2131 1124 11011
2188 1060 2309 1123 1100
2354 1060 2460 1122 uel
2505 1058 2668 1122 illud
2715 1058 2801 1123 sit

508 1168 570 1230 et
621 1168 754 1228 tam
812 1165 919 1229 diu
978 1164 1064 1229 sit
1118 1167 1307 1247 atque
1354 1165 1421 1228 id
1468 1165 1573 1244 sit,
1622 1183 1812 1246 quam
1863 1164 1972 1229 diu
2018 1164 2081 1228 in
2131 1183 2354 1248 genere
2403 1183 2515 1228 suo
2563 1166 2798 1242 manet,

508 1276 618 1337 aut
682 1273 804 1339 h‘oc
873 1272 1131 1355 quidem
1196 1274 1308 1342 aut
1369 1271 1536 1336 illud
1601 1272 1707 1349 sit,
1775 1271 1889 1335 sed
1951 1289 2074 1336 non
2135 1271 2221 1335 sit
2274 1290 2479 1353 neque
2551 1270 2617 1333 in
2681 1289 2796 1334 suo

510 1399 732 1464 genere
789 1382 1060 1457 maneat,
1121 1381 1429 1462 quantum
1492 1379 1729 1459 potest,
1787 1380 1899 1441 aut
1951 1377 2015 1441 in
2073 1396 2189 1441 suo
2258 1395 2485 1460 genere
2543 1375 2799 1459 quidem

506 1506 618 1568 pro
680 1486 884 1568 ipsius
954 1486 1055 1550 sui
1122 1482 1366 1568 generis
1432 1485 1675 1549 uiribus
1743 1487 2014 1561 maneat,
2083 1484 2195 1548 sed
2257 1485 2468 1547 tamen
2533 1501 2650 1547 nec
2717 1483 2799 1546 sit

508 1612 710 1677 neque
756 1594 878 1658 hoc
925 1593 1033 1657 uel
1077 1592 1243 1656 illud
1291 1591 1395 1670 sit,
1435 1591 1570 1655 fieri
1617 1591 1812 1656 etiam
1855 1594 2091 1672 potest,
2130 1592 2205 1654 ut
2247 1589 2311 1654 in
2358 1590 2472 1653 illa
2516 1589 2798 1653 trinitate

510 1700 721 1781 aliqua
764 1717 1033 1781 persona
1075 1701 1325 1778 praeter
1370 1699 1525 1763 alias
1575 1697 1815 1780 aliquid
1853 1699 2063 1765 faciat.
2105 1701 2169 1762 at
2208 1699 2262 1762 si
2300 1698 2501 1763 cernis
2541 1715 2797 1761 necesse

510 1824 647 1871 esse
694 1806 786 1883 ut,
837 1797 1138 1887 quicquid
1185 1805 1288 1883 sit,
1341 1805 1639 1869 continuo
1689 1808 1753 1868 et
1796 1806 1918 1870 hoc
1964 1806 2071 1868 uel
2114 1805 2276 1869 illud
2325 1806 2412 1870 sit
2460 1806 2524 1868 et
2567 1803 2631 1867 in
2681 1821 2795 1867 suo

511 1931 733 1995 genere
771 1914 1044 1989 maneat,
1087 1913 1396 1994 quantum
1430 1914 1665 1995 potest,
1704 1912 1863 1975 nihil
1907 1911 2030 1975 tria
2074 1912 2186 1974 illa
2231 1914 2480 1994 praeter
2522 1909 2798 1974 inuicem

510 2017 775 2083 faciunt.
822 2018 1010 2082 uideo
1061 2017 1266 2083 adhuc
1311 2020 1558 2099 partem
1604 2037 1706 2081 me
1746 2018 1954 2101 egisse
1992 2017 2184 2081 huius
2225 2016 2633 2100 quaestioniS‚
2676 2034 2798 2096 qua

509 2123 584 2187 fit
631 2124 907 2188 difficilis
967 2125 1223 2189 solutio.
1284 2124 1395 2188 sed
1448 2123 1731 2188 breuiter
1781 2123 1902 2186 tibi
1949 2123 2187 2205 aperire
2234 2122 2433 2201 uolui,
2484 2122 2539 2185 si
2585 2125 2796 2185 tamen

514 2231 633 2314 egi,
673 2232 841 2313 quod
878 2231 1075 2309 uolui,
1107 2250 1293 2312 quam
1339 2230 1660 2295 subtiliter
1698 2234 1762 2295 et
1799 2233 2033 2312 quanta
2071 2229 2339 2294 ueritate
2377 2230 2441 2293 in
2474 2227 2798 2293 Catholica

509 2339 919 2421 intellegatur
962 2337 1228 2402 huiusce
1274 2337 1781 2420 inseparabilitas
1826 2337 2153 2401 trinitatis.

598 2444 785 2508 Nunc
841 2443 1076 2525 accipe,
1135 2463 1258 2525 quo
1307 2443 1495 2508 modo
1550 2443 1761 2525 possit
1804 2462 1928 2507 non
1974 2460 2231 2507 mouere
2280 2441 2561 2505 animum
2615 2440 2797 2518 illud,

514 2549 683 2631 quod
728 2552 966 2613 mouet.
1044 2550 1309 2631 species,
1361 2569 1519 2632 quae
1564 2550 1814 2631 proprie
1859 2549 1991 2614 filio
2037 2547 2359 2627 tribuitur,
2408 2566 2481 2612 ea
2524 2546 2800 2628 pertinet

513 2656 702 2720 etiam
770 2655 850 2720 ad
915 2654 1321 2737 disciplinam
1389 2658 1453 2720 et
1516 2655 1593 2718 ad
1660 2657 1861 2718 artem
1936 2654 2272 2736 quandam,
2342 2653 2397 2717 si
2455 2653 2614 2717 bene
2679 2654 2799 2718 hoc

510 2762 822 2827 uocabulo
871 2761 936 2824 in
982 2761 1083 2825 his
1131 2761 1321 2826 rebus
1367 2762 1632 2841 utimur,
1683 2764 1749 2826 et
1795 2761 1872 2825 ad
1918 2760 2446 2845 intellegentiam,
2496 2779 2620 2842 qua
2662 2759 2800 2843 ipse

510 2869 759 2932 animus
806 2887 1018 2931 rerum
1057 2867 1447 2951 cogitatione
1484 2869 1814 2934 formatur.
1863 2867 2077 2950 itaque
2129 2867 2426 2950 quoniam
2469 2885 2583 2948 per
2624 2866 2803 2931 illa-m

510 2975 984 3058 susceptionem
1032 2975 1309 3040 hominis
1356 2975 1422 3038 id
1471 2980 1686 3039 actum
1737 2978 1855 3052 est,
1905 2977 1981 3039 ut
2027 2973 2340 3058 quaedam
2386 2973 2571 3038 nobis
2619 2972 2805 3038 disci-

507 3081 682 3162 plina
728 3081 992 3145 uiuendi
1042 3085 1106 3146 et
1153 3083 1514 3164 exemplum
1560 3082 1882 3164 praecepti
1938 3081 2056 3145 sub
2106 3080 2500 3163 quarundam
2560 3081 2806 3143 senten-

508 3188 740 3251 tiarum
814 3187 1150 3251 maiestate
1228 3207 1301 3252 ac
1375 3188 1834 3272 perspicuitate
1914 3187 2375 3265 insinuaretur,
2461 3205 2584 3250 non
2669 3186 2805 3251 sine

507 3292 747 3359 ratione
795 3294 918 3358 hoc
966 3296 1177 3358 totum
1223 3294 1356 3358 filio
1405 3294 1727 3357 tribuitur.
1785 3293 1850 3357 in
1898 3293 2122 3357 multis
2174 3294 2342 3358 enim
2387 3292 2599 3369 rebuS‚
2648 3311 2805 3374 quas

509 3398 882 3483 cogitationi
940 3402 1004 3463 et
1058 3400 1433 3482 prudentiae
1491 3400 1824 3465 committo
1882 3402 2052 3478 tuae,
2105 3398 2400 3481 quamuis
2455 3399 2661 3484 multa
2715 3398 2807 3462 in·

508 3506 655 3583 sint,
706 3505 950 3588 aliquid
996 3509 1212 3571 tamen
1263 3507 1500 3571 eminet
1546 3509 1608 3570 et
1653 3505 1797 3570 ideo
1838 3506 1962 3570 sibi
1998 3505 2457 3588 proprietatem
2496 3503 2805 3587 quandam

578 3803 603 3856 1
653 3803 770 3872 ipso
821 3818 923 3856 om.
976 3802 1089 3855 VU
1119 3802 1239 3857 edd.
1423 3804 1456 3856 3
1505 3804 1748 3856 ostentat
1783 3819 1849 3857 ex
1884 3818 2026 3856 corr.
2076 3819 2145 3855 m.
2185 3805 2239 3865 2,
2279 3802 2392 3868 fuit
2442 3803 2714 3854 sustentat
2762 3800 2818 3855 U

502 3891 538 3944 4
565 3891 865 3945 formantur
896 3906 1033 3959 quae
1061 3891 1239 3944 omnia
1260 3890 1312 3942 P
1340 3890 1642 3944 formantur
1671 3892 1851 3944 omnia
1888 3891 2001 3945 VU
2021 3890 2173 3957 edd.;
2203 3890 2467 3943 lacunam
2494 3891 2812 3959 siqnificaui

505 3980 539 4033 5
576 3979 855 4033 manentia
894 3979 945 4030 P
1084 3980 1115 4033 6
1156 3978 1228 4048 et]
1270 3979 1415 4048 quod
1466 3978 1580 4033 VU
1607 3980 1728 4033 edd.
1867 3981 1897 4032 7
1938 3982 1994 4033 et
2033 3981 2146 4031 tam
2187 3978 2279 4031 diu
2318 3979 2392 4031 sit
2432 3980 2593 4046 atque
2631 3976 2689 4031 id
2728 3978 2815 4030 sit

506 4084 665 4135 quam
705 4067 818 4136 diu]
850 4084 1027 4136 neque
1067 4066 1179 4121 VU
1197 4067 1314 4121 edd.
1429 4070 1648 4121 maneat
1686 4059 1801 4123 VU
1818 4068 1936 4122 edd.
2039 4067 2073 4121 8
2102 4068 2159 4120 in
2188 4083 2383 4138 genere
2415 4083 2511 4120 suo
2549 4065 2663 4120 VU
2684 4066 2791 4119 edd

506 4155 572 4210 13
619 4155 731 4224 uel]
780 4158 836 4209 et
881 4155 995 4210 VU
1026 4157 1137 4210 lsr
1183 4158 1277 4209 aut
1313 4173 1363 4210 m
1550 4156 1613 4209 17
1664 4173 1824 4226 quam
1872 4166 1967 4226 (qu
2014 4172 2079 4211 ex
2116 4172 2250 4210 corr.
2289 4173 2360 4209 m.
2397 4160 2459 4208 ut
2496 4155 2611 4207 uid.
2652 4159 2701 4221 1)
2744 4154 2799 4206 P

502 4244 571 4296 20
609 4243 826 4313 propria
864 4243 916 4295 P
1024 4244 1093 4298 25
1134 4244 1468 4314 quarundem
1507 4246 1558 4297 P
