3392 4917
325 1320 352 1380 1

1567 1054 1616 1118 Ι.

1038 1192 1625 1248 HERMOGENIANO
1675 1192 2150 1248 AUGUSTINUS.

531 1317 946 1383 Academicos
996 1338 1110 1400 ego
1159 1337 1237 1381 ne
1283 1318 1448 1382 inter
1492 1319 1832 1383 iocandum
1882 1318 2132 1401 quidem
2181 1334 2487 1397 umquam
2544 1314 2744 1375 laces-

445 1444 579 1490 sere
648 1425 942 1489 auderem
1007 1464 1096 1474 —
1163 1426 1410 1508 quando
1477 1427 1644 1490 enim
1709 1446 1809 1490 me
1875 1429 2197 1489 tantorum
2271 1422 2555 1485 uirorum
2619 1436 2741 1481 non

384 1557 408 1595 5
442 1535 727 1596 moueret
792 1533 1183 1597 auctoritas?
1248 1569 1358 1609 ——‚
1424 1533 1548 1597 nisi
1615 1553 1724 1598 eos
1788 1535 2077 1615 putarem
2143 1532 2335 1612 longe
2401 1526 2465 1589 in
2532 1524 2742 1600 aliam,

443 1658 630 1720 quam
679 1639 877 1721 uulgo
929 1639 1240 1703 creditum
1279 1642 1395 1716 est,
1435 1638 1636 1704 fuisse
1685 1639 2085 1703 sententiam,
2135 1654 2326 1718 quare
2374 1631 2587 1715 potius
2637 1649 2742 1695 eos

436 1745 726 1808 imitatus
778 1765 940 1824 sum,
992 1748 1298 1827 quantum
1345 1745 1544 1822 ualui,
1597 1764 1787 1827 quam
1836 1742 2219 1829 expugnem,
2273 1738 2443 1821 quod
2490 1737 2741 1802 omnino

439 1870 559 1915 non
618 1853 822 1918 uale0.
901 1851 1156 1916 uidetur
1213 1852 1378 1916 enim
1444 1853 1602 1915 mihi
1669 1853 1824 1917 satis
1892 1850 2265 1935 congruisse
2327 1843 2743 1927 temporibus,

1589 1966 1607 1989 ⁸
1661 2004 1666 2013 -
1729 1960 1896 2024 ·'co
1946 1957 2193 2031 flueret,
2243 1952 2405 2014 inter
2449 1951 2747 2014 umbrosa

577 2876 623 2913 υ
659 2880 725 2905 =
765 2881 879 2914 coa.
918 2882 1265 2915 Decimiana-s
1300 2882 1486 2918 Anaua.
1524 2881 1671 2917 misc.
1711 2878 1825 2916 166
1860 2878 1905 2916 3.
1946 2875 2005 2914 A
2046 2873 2123 2911 vn.
2165 2872 2336 2925 (deest
2372 2873 2505 2926 rmw
2537 2875 2669 2913 tnoee
2695 2877 2733 2913 a

757 2964 819 3015 p.
860 2951 914 3014 2,
953 2951 1032 3000 25
1072 2966 1188 3001 cum
1230 2951 1642 3018 gratissimum).
2327 2969 2334 2978 ⁴

571 3037 625 3091 P
660 3063 726 3082 =
767 3038 883 3092 cod.
922 3037 1225 3090 Parisinus
1261 3041 1448 3092 12210
1484 3056 1526 3092 s.
1567 3043 1641 3093 X.

564 3125 640 3178 P¹
662 3151 728 3170 =
768 3127 882 3179 cod.
922 3124 1223 3179 Parisinus
1260 3128 1424 3179 2983
1457 3144 1500 3180 s.
1531 3129 1670 3181 XII
1704 3130 1950 3194 (initium
1989 3133 2206 3182 tantum
2243 3127 2407 3181 habet
2442 3143 2610 3195 usque
2650 3127 2727 3180 ad

762 3229 817 3279 p.
855 3215 906 3278 2,
946 3215 985 3264 2
1024 3212 1363 3279 censuerim).

563 3298 728 3352 P²=
768 3301 884 3353 cod,
932 3300 1235 3353 Parisinus
1270 3303 1423 3353 1929
1459 3318 1502 3354 s.
1542 3302 1726 3354 XIII.

575 3387 629 3440 V
660 3413 727 3433 =
768 3389 884 3441 cod.
933 3388 1246 3441 Vaticanus
1287 3392 1406 3442 495
1441 3406 1483 3442 S.
1524 3389 1658 3443 XV.

571 3475 625 3530 U
659 3502 725 3521 =
766 3478 881 3530 cod.
931 3478 1243 3531 Vaticanus
1285 3481 1402 3531 499
1438 3495 1480 3531 s,
1520 3478 1655 3534 XV.

492 3599 525 3650 3
562 3599 850 3651 iocundum
890 3599 944 3652 U
1100 3599 1380 3658 lacessere,
1413 3615 1548 3653 corr.
1578 3617 1643 3654 m.
1673 3605 1705 3651 1
1733 3600 1997 3652 lacescere
2027 3598 2103 3653 P¹
2148 3600 2413 3655 lacescere
2443 3603 2721 3658 LOPVU

413 3687 453 3739 4
490 3703 597 3739 non
635 3689 912 3738 tantorum
951 3687 1187 3739 uirorum
1217 3686 1417 3741 P2VU
1557 3688 1791 3739 uirorum
1823 3703 1924 3740 om.
1954 3686 2008 3739 L
2116 3687 2150 3740 5
2188 3691 2433 3741 moneret
2469 3689 2521 3742 V
2558 3692 2715 3758 (corr.

411 3778 681 3839 moueret)
733 3774 787 3827 U
940 3775 995 3827 in
1037 3775 1145 3829 alia
1166 3814 1358 3830 ......
1380 3776 1655 3829 sententia.
1706 3777 1760 3842 (a.
1795 3791 1905 3831 ras‘.
1957 3791 2022 3829 ex
2061 3781 2111 3843 a)
2153 3776 2207 3830 P
2260 3778 2317 3829 in
2356 3753 2464 3830 aiia
2486 3817 2714 3833 .......

410 3864 692 3916 sententia
738 3863 860 3919 edd.
1007 3865 1038 3916 6
1092 3864 1421 3917 crediturum
1468 3863 1546 3917 ,Ρ2
1689 3866 1719 3917 7
1771 3864 1936 3933 quod]
1990 3865 2116 3932 quia
2153 3864 2228 3917 P¹
2373 3867 2405 3919 8
2454 3866 2605 3919 ualui
2642 3868 2716 3920 P¹

409 3953 483 4005 10
524 3952 649 4005 dum
689 3955 745 4005 et
783 3953 846 4016 ea
874 3952 927 4004 L
1071 3953 1127 4005 in
1166 3954 1470 4022 pastionem
1500 3971 1552 4006 m
1714 3970 2006 4023 paucorum
2034 3952 2110 4005 Ρ2
2213 3955 2275 4008 11
2310 3955 2634 4009 ducerentur
2665 3956 2718 4011 U

410 4040 481 4093 12
522 4040 804 4110 pecoribus
845 4058 947 4096 om.
997 4041 1050 4094 V
1085 4042 1173 4107 (in
1209 4060 1378 4111 mary.
1423 4043 1578 4110 add.)
1618 4042 1672 4096 U
1743 4042 1807 4095 13
1845 4046 2038 4111 putare
2066 4041 2143 4095 P¹
2219 4044 2283 4096 15
2325 4046 2708 4114 excogitatum,

405 4146 551 4185 corr.
574 4132 936 4200 excogitatam
960 4131 1012 4184 U
1117 4132 1425 4184 occultandi
1445 4133 1640 4200 scripsi
1647 4151 1668 4199 ,·
1687 4132 1774 4184 dei
1797 4131 1951 4187 codd.
1974 4132 2125 4199 edd.;
2141 4133 2364 4202 tegendi
2385 4135 2521 4188 coni.
2534 4134 2708 4187 Blau-

401 4219 553 4284 rini,·
573 4220 642 4286 cf.
662 4221 1054 4275 contraAcacI.
1076 4220 1154 4272 II
1166 4223 1264 4285 10,·
1281 4223 1374 4272 24.
1396 4220 1617 4287 11114;
1641 4224 1720 4274 38
1728 4241 1748 4287 ,·
1772 4225 1849 4274 43
1921 4221 2034 4274 ueri
2057 4223 2249 4289 artem]
2275 4223 2559 4276 ueritatem
2575 4222 2715 4277 P¹U

523 4343 627 4392 xil,
661 4343 777 4392 Aug.
811 4348 850 4396 2,
882 4370 896 4395 ι
2507 4328 2532 4380 1
