3392 4917
554 312 680 376 120
1264 309 1632 367 S.Aureli
1685 310 2122 381 Augustini

551 508 720 582 sunt,
770 505 981 588 aliqua
1028 524 1062 569 a
1108 505 1292 570 nobis
1340 505 1508 571 affici
1556 506 1942 572 contumelia
1985 507 2371 586 uiderentur,
2423 507 2685 591 exposui
2722 506 2835 585 013,

551 631 679 694 (1113
723 611 1103 677 necessitate
1149 612 1275 677 ista
1318 612 1383 676 in
1422 614 1692 678 00010313
1728 613 2097 679 111ᾶο10111111·
2132 617 2362 679 exorta.
2410 613 2658 679 scilicet
2691 615 2839 696 post

548 718 1022 799 persecutiones
1059 722 1191 784 tam
1237 719 1476 784 multas
1522 722 1781 802 tamque
1827 721 2240 785 uehementes
2287 739 2434 785 cum
2479 720 2648 784 facta
2683 738 2838 802 pace

549 824 772 888 turbae
820 824 1157 908 gentilium
1204 826 1269 889 111
1317 825 1735 890 christianum
1782 845 2012 891 nomen
2060 827 2275 891 uenire
2331 826 2660 909 cupientes
2715 825 2837 892 hoc

551 929 1029 1014 impedirentur,
1098 931 1293 1013 quod
1336 932 1470 996 dies
1535 932 1738 997 festos
1805 952 1949 998 cum
2014 932 2202 998 idolis
2270 933 2405 998 suis
2454 933 2731 997 solerent
2773 931 2837 996 in

550 1036 936 1101 abundantia
983 1039 1313 1120 epularum
1360 1041 1425 1102 et
1471 1038 1775 1103 ebrietate
1825 1057 2197 1104 consumere
2242 1058 2357 1104 nec
2394 1038 2582 1104 facile
2622 1039 2697 1102 ab
2737 1037 2837 1102 his

549 1143 1109 1225 perniciosissimis
1203 1145 1315 1209 sed
1396 1148 1608 1209 tamen
1692 1145 2160 1211 uetustissimis
2241 1144 2686 1227 uoluptatibus
2770 1163 2838 1208 se

549 1252 812 1331 possent
877 1251 1211 1329 abstinere,
1278 1251 1493 1316 uisum
1556 1251 1759 1316 fuisse
1823 1250 2168 1317 maioribus
2231 1251 2488 1331 nostris,
2553 1252 2627 1314 ut
2688 1251 2838 1315 huic

549 1355 938 1422 infirmitatis
986 1358 1152 1442 parti
1196 1358 1450 1422 interim
1497 1361 1862 1442 parceretur
1929 1358 2190 1442 diesque
2245 1359 2447 1423 festos
2503 1360 2653 1440 post
2707 1375 2838 1434 003,

551 1481 711 1543 (11103
757 1463 1216 1547 relinquebant,
1266 1465 1424 1531 alios
1471 1465 1535 1529 in
1584 1466 1890 1531 honorem
1938 1467 2302 1530 sanctorum
2349 1466 2697 1547 martyrum
2733 1463 2840 1527 uel

550 1587 675 1633 non
732 1569 928 1634 simili
985 1571 1316 1655 sacrilegio
1379 1571 1674 1653 quamuis
1734 1570 1931 1637 simili
2002 1572 2156 1635 luxu
2230 1571 2644 1646 celeb1·arent;
2711 1569 2838 1632 iam

554 1672 791 1740 Christi
836 1677 1089 1742 nomine
1137 1677 1476 1762 conligatis
1527 1681 1591 1743 et
1634 1681 1851 1743 tantae
1897 1677 2297 1743 auctoritatis
2351 1677 2503 1759 iugo
2562 1674 2838 1740 subditis

553 1780 855 1848 salutaria
901 1784 1262 1850 sobrietatis
1309 1788 1647 1868 praecepta
1691 1785 2104 1863 traderentur,
2154 1784 2385 1867 quibus
2422 1784 2550 1848 iam
2584 1788 2841 1865 propter

549 1889 992 1970 praecipientis
1065 1891 1367 1956 honorem
1442 1911 1514 1956 30
1583 1892 1882 1956 timorem
1959 1884 2257 1956 resistere
2337 1910 2459 1955 non
2534 1890 2837 1953 ualerent.

553 1996 848 2076 quocirca
909 1997 1036 2062 iam
1072 2001 1354 2079 ,tempus
1421 2017 1583 2073 esse,
1650 1999 1743 2075 ut,
1811 1997 1922 2080 qui
1983 2016 2105 2062 non
2164 2017 2232 2062 se
2307 1996 2542 2061 audent
2611 2013 2838 2079 negare

553 2102 955 2183 0111131131103,
1005 2106 1353 2171 3001111(111111
1403 2105 1640 2170 Christi
1685 2107 2087 2171 uoluntatem
2130 2104 2350 2169 uiuere
2394 2102 2720 2186 incipiant,
2766 2104 2840 2164 ut

556 2226 648 2285 ea,
698 2228 878 2290 quae,
926 2214 1000 2275 ut
1047 2215 1262 2278 essent
1308 2213 1655 2289 christiani,
1716 2231 2019 2278 concessa
2084 2214 2253 2291 sunt,
2303 2230 2449 2275 cum
2509 2206 2839 2274 christiani

557 2316 727 2392 sunt,
775 2320 1172 2398 respuantur.

468 2429 550 2492 10
642 2420 885 2487 Deinde
953 2423 1241 2488 hortatus
1309 2443 1473 2501 sum,
1541 2426 1616 2487 ut
1668 2423 2232 2488 transmarinarum
2288 2419 2719 2495 ecclesiarum,
2773 2418 2839 2482 in

556 2526 787 2607 quibus
852 2530 1082 2611 partim
1116 2529 1271 2593 'ista
1334 2533 1588 2611 recepta
1650 2549 2000 2612 numquam
2066 2531 2237 2607 sunt,
2283 2526 2513 2610 partim
2557 2526 2686 2589 iam
2730 2542 2843 2607 per

554 2632 756 2698 bonos
804 2638 1082 2700 rectores
1128 2636 1366 2718 populo
1417 2635 1894 2718 obtemperante
1943 2638 2241 2709 correcta,
2288 2633 2642 2698 imitatores
2700 2649 2841 2695 esse

554 2739 891 2804 110110111113.
924 2743 988 2804 01
1018 2741 1314 2827 (11101113111
1354 2739 1431 2804 (10
1467 2741 1738 2806 basilica
1772 2740 1943 2805 beati
1981 2741 2253 2824 apostoli
2287 2738 2462 2804 Petri
2490 2737 2841 2803 cotidianae

554 2843 945 2910 uinulentiae
1006 2847 1486 2929 proferebantur
1550 2847 1852 2930 exempla,
1922 2846 2047 2910 dixi
2117 2847 2319 2929 primo
2396 2843 2652 2910 audisse
2726 2861 2840 2907 nos

557 2969 747 3032 saepe
795 2971 937 3016 esse
981 2953 1392 3036 prohibitum,
1442 2953 1554 3017 sed
1601 2952 1772 3035 quod
1835 2955 2119 3017 remotus
2186 2951 2271 3016 sit
2322 2953 2505 3016 locus
2571 2950 2647 3014 ab
2716 2948 2841 3031 epi-

557 3057 736 3139 scopi
783 3059 1263 3122 conuersatione
1310 3062 1375 3122 et
1419 3058 1483 3122 in
1528 3061 1709 3122 tanta
1755 3058 2016 3124 ciuitate
2062 3077 2292 3141 magna
2348 3057 2433 3121 sit
2497 3055 2841 3121 carnalium

555 3163 904 3228 multitudo
969 3164 1320 3247 peregrinis
1384 3165 1778 3246 praesertim,
1846 3164 1957 3247 qui
2021 3164 2173 3228 noui
2229 3163 2497 3229 subinde
2553 3162 2839 3240 ueniunt,

555 3272 734 3334 tanto
782 3269 1128 3333 uiolentius
1177 3272 1412 3351 quanto
1460 3269 1755 3334 inscitius
1792 3270 1970 3333 illam
2011 3268 2535 3334 consuetudinem
2572 3266 2842 3332 retinen-

555 3375 751 3452 tibus,
799 3378 931 3438 tam
975 3374 1316 3439 immanem
1361 3378 1607 3458 pestem
1654 3375 1933 3439 nondum
1992 3375 2311 3457 compesci
2356 3373 2687 3457 sedarique
2733 3392 2841 3456 po·

557 3481 782 3546 tuisse.
830 3500 1054 3545 uerum
1101 3483 1313 3544 tamen
1360 3499 1473 3545 nos
1523 3481 1579 3544 si
1623 3482 1885 3546 Petrum
1943 3481 2306 3563 apostolum
2367 3479 2843 3558 honoraremus,

559 3588 784 3652 debere
830 3588 1166 3670 praecepta
1212 3586 1349 3650 eius
1397 3586 1612 3652 audire
1659 3589 1725 3651 et
1769 3588 1971 3651 multo
2021 3586 2316 3651 deuotius
2364 3585 2725 3668 epistulam,
2774 3584 2841 3647 in

633 3849 658 3901 1
702 3863 735 3901 a
771 3862 871 3901 om.
911 3846 975 3899 X
1097 3846 1130 3900 6
1167 3845 1432 3899 habuntia
1466 3846 1529 3898 X
1660 3846 1689 3898 7
1730 3845 1845 3900 sedi
1881 3848 2068 3900 tamen
2103 3847 2166 3899 X
2202 3848 2259 3899 et
2295 3847 2409 3898 tam
2445 3861 2499 3898 m
2649 3843 2680 3895 9
2718 3845 2844 3913 post

559 3953 652 3991 eos
691 3937 846 4005 quos]
885 3951 983 4005 pos
1018 3933 1130 3987 tuis
1169 3933 1313 4003 quod
1350 3934 1409 3987 X
1522 3933 1586 3987 10
1623 3935 1940 4003 martyrum]
1979 3933 2196 3987 interim
2234 3934 2296 3986 X
2404 3933 2467 3986 11
2510 3932 2844 3986 celebrarent

560 4024 878 4090 emendaui5
936 4022 1333 4076 celebrarentur
1386 4022 1449 4074 X
1493 4037 1547 4074 m
1756 4023 1820 4075 13
1882 4021 2104 4075 salutari
2159 4022 2222 4074 X
2429 4021 2492 4074 17
2550 4021 2693 4089 cum]
2749 4020 2843 4089 qui

558 4114 958 4171 Maurinorum
1002 4110 1170 4166 codex
1367 4111 1437 4164 20
1487 4111 1594 4164 ista
1639 4126 1740 4164 nec
1786 4113 2000 4180 ceptam
2039 4113 2167 4164 sunt
2203 4109 2266 4163 X
2441 4109 2511 4163 28
2551 4109 2843 4179 compescis

560 4204 814 4274 edarique
851 4201 913 4255 X

2876 1487 2929 1528 10

2875 2019 2928 2060 15

2875 2552 2931 2592 20

2877 3085 2930 3126 25
