3392 4917
550 326 631 390 76
1260 324 1311 378 S.
1369 323 1645 378 Aureli
1701 324 2132 394 Augustini

459 515 501 576 4
640 516 1014 599 Specialiter
1059 519 1270 581 autem
1319 517 1440 582 hoc
1489 537 1524 581 a
1568 521 1633 581 te
1688 521 1858 601 pet0,
1909 518 2207 600 quoniam
2263 538 2366 583 me
2420 518 2836 583 inmerentem

550 627 614 690 et
650 625 1084 708 inopinantem
1123 642 1352 709 magno
1391 623 1490 688 tui
1522 643 1735 689 amore
1776 624 2133 708 complesti,
2173 627 2248 688 ut
2274 643 2386 709 pro
2416 625 2536 689 hac
2571 624 2840 689 historia

545 734 906 814 temporum
952 730 1185 795 referas
1233 729 1393 795 mihi
1441 749 1691 796 omnem
1738 733 1887 796 tuae
1936 732 2295 797 sanctitatis
2341 731 2695 809 historiam,
2743 732 2835 807 ut,

548 838 677 922 ‘qui
724 856 947 922 genuS,
995 837 1187 902 unde'
1233 837 1322 902 sis
1370 836 1603 903 ‘domo’
1646 839 1826 903 tanto
1874 842 2145 904 uocatus
2195 858 2233 903 a
2277 838 2554 914 domino,
2605 836 2838 919 quibus

550 944 820 1009 exordiis
871 946 1249 1028 segregatus
1298 944 1375 1008 ab
1422 946 1604 1009 utero
1652 944 1874 1009 matris
1922 947 2073 1008 tuae
2122 945 2201 1010 ad
2246 947 2515 1009 matrem
2563 943 2837 1007 filiorum
2898 967 2926 1007 5

548 1051 653 1116 dei
697 1051 874 1133 prole
918 1050 1267 1115 laetantem
1316 1050 1601 1115 abiurata
1647 1051 1855 1116 carnis
1905 1054 1971 1116 et
2017 1051 2347 1136 sanguinis
2398 1049 2595 1132 stirpe
2642 1052 2840 1114 trans-

545 1156 696 1222 ieris
766 1160 829 1222 et
887 1158 951 1221 in
1001 1176 1203 1242 genus
1248 1159 1464 1241 regale
1512 1176 1583 1223 ac
1647 1156 2037 1224 sacerdotale
2106 1159 2194 1223 sis
2260 1158 2628 1234 translatus,
2678 1154 2840 1220 edis-

549 1282 740 1330 seras,
790 1264 960 1345 quod
1006 1264 1173 1328 enim
1218 1263 1519 1328 indicasti
1564 1263 1691 1328 iam
1741 1265 1817 1329 de
1864 1263 2251 1329 humilitatis
2297 1267 2550 1328 nostrae
2588 1261 2840 1328 nomine

547 1372 714 1454 apud
776 1370 1234 1436 Mediolanium
1299 1373 1364 1435 te
1431 1370 1753 1449 didicisse,
1803 1389 1949 1435 cum
2012 1370 2150 1434 illic
2212 1369 2574 1448 initiareris,
2638 1368 2841 1433 fateor

549 1476 861 1541 curiosius
907 1495 1010 1541 me
1056 1476 1222 1541 uelle
1272 1475 1654 1554 condiscere,
1703 1477 1779 1540 ut
1825 1474 1996 1539 omni
2040 1477 2218 1557 parte
2264 1477 2328 1540 te
2366 1474 2673 1553 nouerim,
2713 1493 2836 1557 quo
2876 1500 2932 1539 ιο

546 1582 753 1666 magis
804 1584 1102 1667 gratuler,
1152 1581 1208 1646 si
1255 1601 1292 1646 a
1338 1581 1743 1664 suscipiendo
1792 1581 1952 1646 mihi
1996 1584 2174 1664 patre
2239 1583 2454 1647 nostro
2500 1579 2836 1647 Ambrosio

546 1689 655 1753 uel
701 1688 780 1753 ad
826 1688 1015 1752 fidem
1062 1688 1374 1753 inuitatus
1424 1706 1490 1753 es
1536 1687 1645 1753 uel
1691 1687 1772 1751 ad
1819 1687 2243 1753 sacerdotium
2292 1688 2720 1766 consecratuS,
2765 1689 2841 1751 ut

550 1794 818 1859 eundem
885 1794 1068 1860 ambo
1135 1794 1366 1858 habere
1430 1793 1768 1858 uideamur
1833 1797 2176 1860 auctorem.
2241 1812 2388 1858 nam
2455 1812 2572 1877 ego
2635 1793 2758 1857 etsi
2805 1811 2840 1856 a

545 1901 862 1985 Delphino
908 1900 1294 1985 Burdigalae
1341 1901 1723 1983 baptizatuS,
1774 1920 1809 1965 a
1875 1899 2139 1982 Lampio
2207 1899 2375 1983 apud
2437 1899 2839 1964 Barcilonem

545 2007 610 2071 in
656 2006 965 2091 Hispania
1008 2024 1121 2089 per
1166 2007 1299 2071 uim
1345 2006 1773 2073 inflammatae
1821 2008 2033 2073 subito
2090 2008 2296 2091 plebis
2345 2011 2635 2074 sacratus
2693 2006 2836 2085 sim,
2876 2027 2930 2068 ιε

546 2116 759 2179 tamen
803 2112 1136 2179 Ambrosii
1174 2131 1424 2197 semper
1470 2117 1533 2178 et
1581 2112 1918 2180 dilectione
1967 2114 2044 2179 ad
2081 2114 2272 2179 fidem
2308 2114 2655 2179 innutritus
2695 2132 2837 2177 sum

550 2222 614 2285 et
659 2238 827 2285 nunc
871 2220 935 2285 in
985 2218 1324 2286 sacerdotii
1371 2219 1767 2285 ordinatione
1816 2221 2174 2286 confoueor.
2225 2220 2495 2304 denique
2558 2238 2674 2285 suo
2734 2230 2836 2282 me

548 2326 715 2392 clero
772 2326 984 2392 uoluit
1047 2324 1390 2404 uindicare,
1439 2329 1533 2404 ut,
1584 2325 1708 2391 etsi
1765 2326 2037 2391 diuersis
2091 2326 2253 2392 locis
2319 2326 2566 2411 degam,
2632 2324 2837 2408 ipsius

546 2433 880 2516 presbyter
927 2451 1202 2498 censear.
1433 2424 1438 2430 ’

463 2537 501 2598 5
644 2537 769 2604 Sed
807 2539 881 2605 de
920 2558 1022 2604 me
1060 2558 1138 2604 ne
1180 2538 1332 2622 quid
1368 2539 1643 2623 ignores,
1686 2538 1851 2603 scias
1892 2538 2408 2623 antiquissimum
2437 2540 2835 2622 peccatorem
2874 2563 2931 2602 20

548 2665 672 2711 non
736 2646 828 2710 ita
894 2646 1045 2710 olim
1113 2644 1200 2710 de
1266 2644 1631 2710 tenebris
1699 2648 1777 2710 et
1840 2646 2116 2710 umbra
2179 2645 2468 2711 mortis
2536 2645 2836 2710 eductum
2928 2628 2937 2635 ⁰

725 2854 762 2906 4
812 2853 970 2922 Verg.
1021 2853 1155 2906 Aen.
1203 2852 1338 2905 VIII
1387 2853 1490 2906 114
1680 2853 1711 2906 7
1758 2851 1787 2905 I
1829 2853 1976 2906 Petr.
2024 2853 2074 2913 2.
2123 2852 2155 2905 9
2346 2851 2411 2906 21
2460 2852 2552 2907 Ps.
2601 2853 2721 2917 106,
2774 2852 2840 2906 14

620 2976 652 3028 2
690 2976 976 3045 complesti
1017 2978 1063 3043 (s
1101 2992 1168 3030 ex
1206 2992 1232 3030 c
1268 2992 1336 3029 m.
1375 2976 1424 3045 1)
1462 2975 1539 3031 Ρ1
1578 2976 1865 3044 complecti
1901 2976 2013 3030 PE
2135 2976 2167 3030 3
2205 2976 2339 3030 mihi
2374 2992 2476 3031 om.
2511 2976 2575 3030 Ε
2711 2979 2839 3030 tuae

547 3066 611 3119 in
645 3066 756 3133 fine
789 3082 848 3119 u.
885 3082 988 3121 om.
1024 3066 1081 3118 A
1259 3065 1296 3117 4
1334 3064 1479 3134 quod
1516 3063 1637 3120 edd.
1668 3070 1893 3133 praeter
1926 3081 1981 3119 m
2134 3064 2296 3118 domu
2333 3065 2388 3118 P
2538 3066 2699 3119 tantu
2735 3064 2846 3119 Ao

549 3155 582 3208 6
620 3155 794 3224 prole]
829 3171 927 3224 pro
964 3157 1021 3207 te
1058 3152 1133 3207 Ρ1
1276 3153 1519 3207 laetante
1556 3152 1846 3208 PEMAC
1879 3171 1916 3207 a
2058 3153 2305 3207 abiurate
2349 3152 2395 3207 G
2552 3154 2582 3209 7
2621 3154 2838 3224 regalae

549 3243 713 3313 (post.
754 3259 786 3296 a
821 3243 962 3310 exp.)
1001 3242 1075 3297 M
1232 3258 1292 3296 ac
1330 3258 1432 3299 om.
1470 3240 1705 3297 MAGR
1744 3246 1801 3295 et
1836 3240 1980 3296 P¹K
2013 3243 2133 3297 edd.
2315 3241 2348 3295 8
2384 3242 2658 3309 halitatis,
2694 3258 2763 3296 m.
2801 3245 2841 3296 2

549 3331 877 3385 humilitatis
913 3330 989 3384 M
1019 3330 1323 3394 humitatiS‚
1363 3349 1431 3386 m.
1460 3336 1495 3386 2
1522 3332 1852 3386 humilitatis
1876 3331 1932 3386 R
2039 3331 2257 3385 nomine
2285 3347 2398 3387 ras,
2430 3348 2496 3387 ex
2519 3330 2737 3386 homine
2765 3330 2841 3385 Ρ1

550 3421 583 3474 9
621 3419 986 3473 mediolanum
1024 3419 1149 3476 MR
1185 3420 1307 3477 edd.
1453 3420 1719 3485 initiare8‚
1756 3437 1825 3474 m.
1863 3424 1902 3475 2
1939 3420 2236 3475 initiareris
2272 3421 2351 3474 M
2489 3421 2556 3475 10
2594 3421 2742 3474 omni
2779 3434 2840 3474 ex

549 3512 703 3578 parte
739 3508 854 3563 PE
887 3525 949 3562 ex
985 3509 1132 3562 omni
1167 3512 1323 3578 parte
1359 3509 1435 3563 M
1573 3513 1629 3563 te
1667 3526 1770 3565 om.
1809 3509 1921 3564 PE
2028 3510 2091 3564 11
2134 3511 2180 3564 si
2205 3527 2235 3565 a
2265 3510 2610 3581 suspiciendo
2638 3505 2840 3564 EMP¹

548 3595 770 3652 Hartel.
809 3598 855 3651 si
894 3597 961 3651 ab
999 3598 1341 3668 suspiciendo
1381 3600 1435 3653 A
1472 3600 1520 3653 si
1557 3615 1721 3653 ausus
1761 3607 1825 3654 cti
1863 3599 2204 3670 suscipiendo
2250 3599 2297 3654 0
2403 3600 2467 3653 12
2505 3599 2758 3653 initiatus
2785 3598 2846 3653 E

622 3686 962 3741 sacerdotum
990 3686 1100 3741 Eo
1233 3686 1299 3741 13
1337 3688 1622 3742 uideamur
1657 3689 1859 3742 habere
1900 3688 2019 3743 edd.
2050 3694 2278 3757 praeter
2315 3704 2398 3743 ac
2542 3689 2666 3757 etsi]
2705 3689 2751 3742 si
2785 3689 2846 3742 E

553 3776 622 3829 14
648 3774 963 3848 burdigalae*
995 3777 1203 3843 (fuitne
1229 3776 1339 3847 i?),
1378 3793 1515 3833 corr.
1544 3776 1870 3850 burdegalae
1897 3777 1973 3831 P¹
2009 3777 2303 3847 burdegale
2329 3778 2387 3833 R
2423 3777 2763 3847 Burdegalae
2789 3794 2842 3831 m
2870 3788 2875 3797 ‘

550 3862 912 3932 Burdegaliae
958 3869 1074 3919 cett.
1123 3865 1242 3919 edd.
1461 3867 1809 3920 barcinonam
1854 3866 1929 3920 P¹
2114 3867 2179 3920 15
2225 3867 2282 3921 in
2335 3866 2639 3936 hispaniam
2686 3866 2742 3920 P
2784 3867 2840 3920 in

552 3952 927 4021 llllhispaniarn
968 3954 1101 4021 (fuit
1127 3954 1174 4006 si
1213 3960 1316 4008 aut
1350 3958 1396 4022 s)
1437 3955 1498 4008 Ε
1636 3961 1732 4008 niu
1767 3963 1826 4017 (u
1863 3957 2004 4024 exp.)
2044 3955 2119 4009 M
2243 3956 2307 4009 16
2345 3956 2661 4019 innutritus,
2700 3972 2770 4009 m.
2807 3958 2844 4010 2

554 4042 822 4095 enutritus
842 4041 898 4094 P
931 4043 1236 4096 annutritus
1256 4043 1318 4096 E
1335 4044 1576 4096 nutritus
1595 4043 1661 4096 K
1681 4043 1800 4099 edd.
1829 4051 2058 4112 praeter
2080 4061 2133 4098 m
2232 4047 2299 4100 17
2330 4044 2515 4099 ordine
2534 4044 2843 4099 MAOP¹R

554 4128 672 4182 edd.
830 4131 970 4184 clero
1009 4147 1093 4183 me
1131 4132 1192 4185 Ε
1333 4132 1399 4186 18
1438 4131 1717 4187 uindicare
1757 4134 1936 4188 uoluit
1972 4133 2091 4188 edd.
2249 4134 2450 4189 (liueris
2484 4135 2542 4188 P
2577 4133 2839 4197 diuersuS,

554 4233 690 4272 corr.
733 4217 960 4272 diuersis
999 4218 1065 4271 K
1171 4219 1236 4273 19
1278 4236 1463 4274 censer
1497 4220 1563 4273 K
1972 4216 1983 4229 “
