3392 4917
467 990 493 1030 5

395 1060 439 1121 4

440 1525 492 1564 10

441 2056 492 2095 15

1205 344 1734 413 epistularum
1790 345 1932 402 XVI.
1987 346 2159 399 XVII.
2736 349 2840 415 39'

532 541 708 617 deuS‚
768 560 955 622 quem
1011 540 1195 604 uobis
1253 540 1592 605 Christiani
1650 540 1834 623 quasi
1885 541 2210 623 proprium
2256 542 2600 607 uindicatis
2649 546 2713 609 et
2757 544 2820 607 in

528 648 686 712 locis
727 647 958 712 abditis
995 649 1388 728 praesentem
1425 666 1544 711 uos
1584 647 1797 711 uidere
1831 648 2229 729 componitis
2263 668 2375 712 nos
2408 649 2636 713 etenim
2670 650 2821 715 deos

530 758 778 818 nostros
814 753 958 817 luce
995 753 1206 836 palam
1244 755 1386 816 ante
1426 754 1644 818 oculos
1685 757 1877 834 atque
1916 772 2096 818 aures
2139 754 2419 818 omnium
2457 756 2823 819 mortalium

528 859 652 940 piis
698 859 992 941 precibus
1040 859 1375 924 adoramus
1425 862 1489 923 et
1532 879 1643 942 per
1690 878 1922 924 suaues
1971 860 2217 924 hostias
2271 860 2582 943 propitios
2637 862 2821 927 nobis
2899 929 2913 955 κ

534 965 843 1030 efficimus
892 968 957 1029 et
1002 986 1039 1030 a
1085 965 1331 1030 cunctis
1378 966 1537 1030 haec
1584 967 1754 1031 cerni
1783 969 1867 1042 ‚et
1910 966 2163 1049 probari
2210 967 2670 1034 contendimus,

619 1070 742 1135 Sed
789 1071 1056 1135 ulterius
1104 1071 1251 1135 huic
1299 1071 1625 1136 certamini
1673 1090 1776 1135 me
1823 1090 2010 1136 senex
2055 1071 2375 1136 inualidus
2414 1072 2718 1137 subtraho
2760 1075 2825 1137 et

528 1177 590 1240 in
640 1178 1017 1244 sententiam
1066 1177 1396 1241 Mantuani
1438 1178 1710 1242 rhetoris
1757 1178 2026 1242 libenter
2070 1198 2295 1262 pergo:

1427 1283 1662 1348 Trahat
1708 1304 1824 1349 sua
1872 1303 2185 1367 quemque
2232 1286 2555 1367 uoluptaS.

525 1394 676 1472 post
738 1391 894 1455 haec
957 1411 1080 1456 non
1138 1391 1381 1469 dubito,
1437 1392 1538 1455 uir
1584 1392 1829 1468 eximie,
1878 1391 1987 1473 qui
2033 1411 2071 1455 a
2115 1411 2257 1455 mea
2303 1396 2480 1456 secta
2527 1392 2820 1470 deuiasti,

528 1497 686 1561 hanc
724 1497 1066 1579 epistulam
1095 1498 1452 1579 aliquorum
1490 1498 1658 1562 furto
1700 1499 2043 1561 detractam
2083 1498 2356 1562 fiammis
2394 1498 2501 1562 uel
2538 1499 2824 1581 quolibet

528 1605 712 1683 pacto
777 1603 1142 1684 perituram.
1212 1603 1380 1685 quod
1436 1603 1491 1667 si
1557 1603 1876 1680 acciderit,
1944 1604 2064 1667 erit
2119 1604 2415 1668 damnum
2474 1606 2819 1683 chartulae,

528 1727 649 1772 non
715 1710 916 1774 nostri
973 1710 1301 1786 sermonis,
1364 1710 1545 1774 cuius
1601 1710 1919 1792 exemplar
1973 1723 2167 1793 penes
2217 1729 2435 1775 omnes
2480 1711 2819 1793 religiosos

526 1820 829 1897 perpetuo
894 1816 1199 1882 retinebo.
1266 1816 1353 1880 dii
1418 1820 1480 1880 te
1547 1821 1822 1894 seruent,
1879 1835 1990 1898 per
2044 1836 2202 1898 quos
2253 1820 2318 1881 et
2364 1835 2582 1882 eorum
2630 1822 2819 1900 atque

529 1925 894 1986 cunctorum
952 1921 1318 1987 mortalium
1375 1940 1776 1986 communem
1840 1924 2082 2002 patrem
2149 1921 2434 1986 uniuersi
2496 1924 2817 2000 mortaleS,

529 2047 687 2111 quos
733 2032 899 2092 terra
945 2029 1236 2106 sustinet,
1278 2028 1453 2091 mille
1500 2027 1708 2093 modis
1755 2027 2050 2108 concordi
2098 2027 2411 2093 discordia
2445 2048 2821 2093 ueneramur

532 2139 596 2198 et
641 2135 934 2199 colimus,

1572 2258 1775 2322 XVII.

618 2364 946 2428 Seriumne
1013 2363 1253 2445 aliquid
1315 2363 1480 2427 inter
1543 2382 1657 2428 nos
1726 2362 1995 2446 agimus,
2064 2383 2139 2426 an
2187 2364 2382 2428 iocari
2427 2365 2629 2431 libet?
2676 2383 2818 2427 nam

705 2555 739 2609 8
779 2555 939 2623 Verg.
978 2555 1107 2608 Buc.
1144 2553 1205 2608 11
1243 2555 1310 2607 65

599 2679 632 2731 2
654 2678 794 2731 enirn
815 2678 875 2731 Ε
943 2678 974 2730 3
997 2676 1173 2745 adque
1193 2676 1260 2729 H
1363 2676 1673 2730 mortalium
1694 2693 1815 2743 θυι,
1835 2694 1901 2730 m.
1922 2682 1958 2732 2
1978 2678 2107 2731 add.
2130 2677 2202 2731 M
2270 2680 2306 2731 4
2322 2681 2463 2748 pius,
2485 2696 2553 2732 m.
2575 2685 2613 2734 2
2635 2680 2739 2750 piis
2752 2681 2826 2733 M

528 2764 560 2818 5
597 2765 731 2817 haec
769 2764 928 2823 cerni,
965 2765 1061 2817 sed
1084 2764 1141 2816 ni
1178 2780 1244 2817 ex
1280 2780 1417 2817 corr.
1461 2767 1548 2831 (m.
1576 2768 1605 2815 1
1628 2764 1678 2832 ,9)
1709 2764 1777 2817 Η
1809 2764 1941 2818 haec
1986 2765 2111 2828 ceri,
2141 2782 2247 2833 quo
2277 2766 2449 2820 deleto
2480 2783 2547 2819 m.
2580 2770 2620 2820 2
2646 2783 2821 2835 supra

529 2853 759 2906 exerceri
794 2851 869 2904 M
1000 2854 1033 2904 6
1073 2851 1362 2904 certamine
1402 2867 1561 2904 senex
1590 2853 1645 2904 A
1682 2852 1964 2904 certamini
2002 2852 2223 2905 minime
2262 2870 2415 2907 sexus
2454 2864 2543 2921 (m.
2583 2857 2613 2908 1
2648 2870 2821 2923 supra

527 2943 551 2994 l
588 2941 799 3009 sensus)
837 2940 892 2994 R
1000 2939 1271 2992 inualidos
1308 2939 1364 2993 R
1439 2941 1468 2993 7
1509 2938 1782 2993 sententia
1805 2939 1865 2992 Ε
1967 2942 2248 2993 mantuani
2289 2942 2328 3008 (i
2356 2942 2420 2995 in
2446 2959 2557 2995 ras.
2585 2960 2653 2995 m.
2679 2945 2736 3009 2)
2770 2943 2825 2995 P

599 3032 810 3093 retoriS,
856 3030 952 3083 sed
994 3046 1021 3081 r
1065 3046 1131 3083 ea:
1177 3045 1289 3083 ras.
1340 3035 1389 3083 et
1436 3045 1572 3083 corr.
1621 3030 1826 3098 (fuitne
1860 3029 1967 3096 h?)
2019 3035 2069 3083 et
2112 3036 2238 3098 post
2275 3036 2299 3084 t
2335 3048 2402 3084 m.
2444 3036 2483 3084 2
2521 3032 2654 3087 add.
2693 3032 2728 3084 h
2768 3031 2822 3084 P

529 3119 562 3172 8
599 3118 796 3179 trahat,
835 3134 1009 3186 supra
1045 3134 1112 3170 m.
1152 3123 1213 3170 ut
1247 3116 1363 3170 uid.
1404 3123 1432 3169 1
1470 3117 1642 3170 trahit
1670 3118 1725 3169 P
1758 3117 1931 3170 trahit
1966 3117 2041 3171 M
2075 3123 2234 3183 (corr.
2278 3135 2341 3170 m.
2385 3126 2412 3172 1
2450 3120 2655 3185 trahat)
2697 3120 2818 3173 edd.

528 3224 626 3261 sec.
678 3207 828 3276 Verq.
1044 3206 1354 3274 uolumptas
1394 3205 1459 3258 H
1492 3206 1748 3259 uoluntas
1786 3206 1846 3259 E
2020 3208 2052 3260 9
2093 3209 2176 3260 uir
2214 3224 2316 3260 om.
2354 3208 2409 3262 R
2601 3208 2821 3261 eximioe

533 3296 665 3363 (fait
702 3299 754 3362 a)
795 3298 854 3350 Ε
995 3296 1122 3363 quia
1157 3311 1280 3347 mea
1316 3294 1498 3346 EMa
1537 3295 1664 3363 quia
1702 3295 1756 3347 in
1798 3311 1861 3348 ea
1896 3295 1951 3349 R
2131 3295 2392 3349 deui*asti
2430 3297 2485 3349 P
2629 3297 2694 3351 10
2731 3297 2821 3349 uel

531 3384 778 3453 quolibet
814 3400 916 3437 om.
955 3385 1015 3438 E
1122 3383 1184 3436 11
1227 3382 1466 3435 castulae
1505 3382 1573 3436 H
1683 3384 1747 3434 12
1785 3384 1985 3436 nostri*
2017 3388 2062 3448 (s
2102 3401 2240 3437 eras.
2282 3383 2331 3451 .9)
2374 3388 2433 3438 E
2573 3386 2821 3447 reliosuS,

531 3491 596 3528 m.
635 3476 674 3526 2
710 3472 997 3540 religiosos
1034 3472 1108 3525 M
1181 3471 1244 3523 13
1283 3471 1459 3540 adque
1489 3470 1555 3523 Η
1628 3472 1694 3523 14
1732 3471 1963 3539 patrem]
2007 3477 2215 3540 patrem
2257 3477 2312 3524 et
2338 3472 2411 3523 M
2485 3473 2548 3525 15
2579 3472 2739 3525 melle
2767 3474 2821 3524 A

535 3561 600 3613 16
641 3560 859 3629 explicit
895 3559 1113 3613 maximi
1153 3559 1493 3628 grammatici
1540 3559 1601 3612 E
1643 3559 1865 3627 explicit
1912 3560 2149 3627 epistula
2193 3560 2268 3612 M
2311 3559 2533 3628 explicit
2588 3560 2822 3629 epistula

532 3649 750 3702 maximi
789 3649 1133 3717 grammatici
1174 3648 1415 3701 aurensis
1455 3650 1542 3715 (m.
1583 3651 1623 3701 2
1659 3647 2054 3716 madaurensis)
2096 3648 2164 3701 ad
2204 3649 2551 3718 augustinum
2592 3648 2647 3700 P

710 3773 864 3826 Idem
905 3772 1128 3834 codices,
1168 3772 1263 3839 qui
1301 3772 1362 3824 in
1400 3788 1478 3840 ep.
1518 3771 1688 3824 XVI.

603 3897 805 3965 Incipit
857 3897 1032 3949 sancti
1089 3897 1367 3965 augustini
1415 3896 1482 3950 ad
1538 3896 1827 3949 maximum
1894 3899 2304 3967 grammaticum
2355 3900 2415 3951 E
2475 3894 2691 3969 aug-‘nst
2752 3901 2820 3954 ad

532 3988 821 4039 maximum
860 3987 1268 4054 grammaticum
1298 3986 1360 4039 H
1397 3986 1590 4056 incipit
1629 3987 1865 4056 epistula
1903 3988 2181 4056 augustini
2210 3987 2279 4040 ad
2317 3988 2604 4040 maximum
2644 4006 2819 4057 gram·

534 4076 785 4127 uiaticum
815 4075 939 4126 MP
975 4074 1209 4142 epistula
1248 4076 1525 4143 augustini
1566 4075 1631 4128 ad
1671 4077 1958 4129 maximum
1988 4078 2041 4129 A
2079 4078 2397 4146 rescriptum
2439 4079 2716 4143 augustini
2753 4079 2820 4131 ad

533 4162 914 4226 maximumR5
956 4162 1244 4230 inscriptio
1265 4164 1407 4217 deest
1423 4164 1486 4216 in
1505 4164 1657 4217 codd.
1672 4170 1722 4217 et
1742 4165 1860 4218 edd.
1939 4167 2003 4220 18
2025 4165 2817 4234 ceriumne(superiadd.t)A

534 4250 813 4314 seriemne,
853 4268 918 4303 m.
953 4254 988 4303 3
1015 4252 1223 4304 serione
1252 4251 1319 4304 H
1422 4253 1565 4322 nam]
1605 4270 1712 4305 non
1740 4254 1794 4306 P
