3392 4917
439 1499 492 1538 10

443 2031 494 2071 15

439 2566 493 2605 20

1299 322 1827 392 epistularum
1884 323 2024 375 XIV.
2727 330 2813 391 33

525 516 691 580 idem
740 517 846 579 uel
896 516 1176 598 cogitare
1225 516 1331 579 uel
1380 516 1795 596 contemplari
1841 518 1947 600 uel
1994 515 2050 581 si
2100 517 2252 599 quid
2311 518 2483 583 aliud
2541 538 2815 585 commo-

526 622 668 687 dius
719 623 970 698 dicitur,
1023 622 1078 687 si
1124 624 1297 687 ullus
1348 622 1438 687 eis
1486 623 1654 686 inest
1699 622 1970 697 animus»,
2021 622 2227 686 sidera
2283 642 2471 705 quam
2526 625 2815 690 homines

525 729 979 794 consideranda
1017 732 1187 793 sunt.
1239 732 1524 793 ceterum
1569 729 1632 792 in
1682 747 2014 810 corporum
2060 729 2341 794 motibus
2390 729 2464 808 si,
2504 733 2579 794 ut
2624 732 2813 808 soleS,

527 836 863 921 diligenter
908 834 1233 905 adtendas,
1283 835 1440 899 nihil
1489 834 1742 900 omnino
1792 854 1826 898 a
1874 835 2123 899 duobus
2177 836 2346 900 idem
2403 837 2534 901 fieri
2579 840 2813 919 potest.

526 963 601 1008 an
632 946 724 1021 tu,
755 961 901 1005 cum
931 941 1413 1006 deambulamus
1444 941 1657 1016 simul,
1690 940 1847 1004 satis
1874 939 2043 1004 idem
2074 960 2189 1005 nos
2224 960 2409 1025 agere
2450 940 2813 1008 existimas?

528 1048 694 1113 absit
740 1067 777 1112 a
820 1048 1154 1130 prudentia
1197 1050 1329 1112 tua.
1408 1047 1825 1129 septentrioni
1879 1066 2152 1129 namque
2206 1047 2474 1113 uicinior
2524 1052 2814 1114 nostrum

528 1156 636 1238 qui
683 1154 1065 1233 deambulat,
1115 1157 1226 1218 aut
1273 1156 1543 1218 alterum
1599 1154 1736 1235 pari
1790 1156 1970 1217 motu
2028 1154 2359 1218 antecedat
2409 1158 2519 1219 aut
2573 1156 2814 1219 tardius

525 1262 918 1347 ingrediatur
963 1280 1224 1326 necesse
1265 1265 1398 1337 est3
1447 1266 1746 1326 neutrum
1783 1263 1995 1325 tamen
2035 1262 2256 1326 sentiri
2289 1265 2523 1343 potest.
2572 1264 2684 1328 sed
2718 1267 2812 1340 tu,

527 1369 592 1433 ni
648 1368 853 1445 fallor,
913 1366 1064 1449 quid
1119 1366 1595 1449 intellegamus,
1661 1385 1786 1431 non
1848 1366 2000 1449 quid
2065 1366 2434 1444 sentiamus,
2502 1372 2814 1451 expectas,

530 1475 699 1557 quod
748 1475 804 1539 si
852 1475 925 1538 ab
976 1494 1084 1538 axe
1130 1474 1195 1537 in
1242 1463 1572 1537 meridiem
1618 1472 1981 1551 tendamuS,
2029 1472 2349 1537 coniuncti
2395 1473 2577 1539 nobis
2627 1478 2815 1557 atque

527 1581 945 1659 inhaerentes,
996 1583 1306 1662 quantum
1351 1580 1669 1670 ualemus,
1718 1579 2187 1661 innitamurque
2233 1581 2531 1645 marmori
2576 1581 2707 1645 leni
2754 1585 2818 1646 et

531 1688 780 1770 aequali
826 1687 934 1750 uel
982 1686 1174 1751 etiam
1223 1686 1417 1764 ebori,
1466 1689 1597 1750 tam
1645 1705 1768 1750 non
1813 1688 2029 1767 potest
2075 1705 2216 1750 esse
2263 1687 2592 1751 amborum
2646 1688 2817 1751 idem

529 1796 741 1858 motus
791 1812 979 1876 quam
1025 1812 1228 1857 uenae
1273 1794 1526 1875 pulsus,
1570 1812 1760 1874 quam
1808 1792 2029 1868 forma,
2071 1812 2260 1874 quam
2297 1793 2512 1858 facies,
2560 1813 2816 1858 remoue

531 1919 644 1965 nos
697 1905 761 1965 et
803 1918 966 1983 pone
1017 1897 1350 1964 Glauciam
1396 1901 1656 1981 prolem,
1709 1898 1867 1962 nihil
1914 1899 2141 1981 egeris
2201 1899 2433 1982 quippe
2477 1900 2577 1964 his
2626 1900 2817 1964 etiam

532 2006 877 2071 simillimis
925 2005 1195 2090 geminis
1242 2009 1419 2069 tanta
1467 2008 1566 2071 est
1610 2005 1982 2082 necessitas,
2022 2008 2096 2067 ut
2130 2006 2378 2088 proprie
2421 2010 2817 2085 moueantur,

534 2116 767 2196 quanta
809 2112 952 2190 fuit,
1001 2114 1076 2176 ut
1122 2112 1359 2195 singuli
1403 2114 1832 2176 nascerentur.

619 2221 705 2283 At
751 2220 920 2284 enim
965 2220 1106 2296 hoc,
1154 2219 1427 2300 inquies,
1475 2217 1708 2281 rationi
1751 2220 2038 2292 tantum;
2097 2218 2267 2300 quod
2323 2219 2537 2283 autem
2594 2220 2693 2283 sol
2739 2219 2816 2283 ab

531 2326 718 2390 astris
767 2326 993 2403 differt,
1033 2325 1327 2390 sensibus
1376 2325 1566 2388 etiam
1614 2324 1855 2388 clarum
1901 2326 2092 2405 atque
2140 2324 2551 2388 manifestum
2597 2326 2716 2388 est.
2766 2325 2821 2388 si

530 2432 1035 2515 magnitudinem
1092 2451 1193 2495 me
1252 2432 1427 2513 cogis
1487 2431 1817 2513 dispicere,
1874 2429 2044 2495 nosti
2092 2431 2168 2495 de
2222 2430 2578 2495 interuallis
2628 2450 2818 2512 quam

529 2540 734 2602 multa
808 2538 1100 2603 dicantur
1165 2540 1229 2602 et
1291 2537 1371 2601 ad
1436 2540 1750 2620 quantum
1820 2537 2129 2601 incertum
2206 2535 2629 2619 perspicuitas
2692 2537 2819 2600 ista

529 2648 876 2710 reuocetur.
926 2645 1039 2709 sed
1086 2646 1161 2707 ut
1208 2644 1550 2709 concedam
1593 2643 1686 2708 ita
1734 2663 1894 2720 esse,
1945 2647 2019 2707 ut
2073 2646 2355 2726 apparet,
2400 2642 2493 2707 sic
2539 2642 2703 2706 enim
2756 2645 2820 2707 et

531 2752 737 2829 credo,
789 2752 970 2815 cuius
1027 2751 1283 2814 tandem
1340 2753 1403 2815 et
1458 2770 1718 2815 sensum
1764 2750 1997 2814 fefellit
2037 2751 2151 2813 illa
2195 2747 2541 2832 proceritas
2587 2748 2819 2813 Naeuii

530 2858 689 2940 pede
738 2858 1067 2942 longioriS,
1118 2878 1307 2941 quam
1357 2858 1466 2940 qui
1514 2861 1613 2923 est
1660 2878 1768 2922 sex
1821 2857 2295 2941 longissimus?
2354 2855 2457 2921 cui
2511 2858 2574 2920 te
2631 2855 2816 2920 credo

607 3050 632 3103 1
683 3050 1067 3119 contemplare,
1116 3065 1254 3103 corr.
1304 3050 1657 3120 contemplari
1705 3050 1759 3102 P
1917 3049 2007 3103 uel
2056 3050 2124 3117 si]
2170 3052 2235 3103 ut
2282 3049 2328 3102 si
2362 3047 2418 3102 R
2465 3049 2561 3100 aut
2607 3049 2653 3100 si
2693 3063 2776 3101 ae
2791 3048 2828 3115 f

535 3167 567 3219 3
604 3167 742 3218 shut
780 3164 913 3233 (fuit
951 3168 998 3230 c)
1039 3166 1094 3217 P
1259 3167 1293 3218 5
1331 3165 1484 3235 satis]
1525 3166 1712 3218 statim
1752 3166 1870 3219 edd.
1900 3171 2124 3234 praeter
2162 3182 2198 3219 a
2370 3165 2400 3217 7
2438 3165 2613 3232 motu]
2652 3129 2706 3215 rii
2744 3163 2818 3215 P¹

532 3254 567 3308 8
603 3258 854 3307 neutrum
892 3270 994 3307 om.
1032 3253 1085 3308 L
1211 3255 1243 3308 9
1282 3255 1414 3323 non]
1455 3271 1584 3307 num
1620 3254 1731 3307 LP
1770 3256 1929 3310 (corr.
1968 3257 2099 3321 non)
2214 3253 2280 3308 10
2319 3252 2465 3321 quid,
2506 3266 2643 3305 corr.
2681 3268 2750 3304 m.
2788 3256 2820 3303 1

534 3342 678 3411 quod
711 3342 766 3396 L
910 3344 974 3395 11
1013 3343 1312 3397 innitamur
1348 3359 1486 3412 quae
1525 3347 1683 3411 (quae
1723 3343 1825 3395 del.
1866 3349 1915 3395 et
1949 3355 2126 3410 supra
2165 3344 2247 3412 q;)
2287 3342 2343 3393 P
2383 3340 2725 3407 nitamurque
2773 3337 2826 3390 U

571 3431 878 3506 ‘marmoriJ
913 3430 1147 3483 inaniori
1194 3430 1248 3483 U
1382 3430 1493 3483 leni
1528 3429 1766 3484 LPRP¹
1805 3446 1842 3482 α
1953 3431 2021 3483 14
2059 3430 2321 3483 clauciam
2357 3430 2449 3482 uel
2485 3427 2731 3481 dauciam
2766 3427 2819 3480 L

532 3519 814 3574 audaciam
872 3520 963 3584 (au
1008 3535 1125 3586 exp.
1174 3524 1223 3572 et
1278 3524 1407 3573 ante
1453 3536 1480 3572 c
1529 3518 1658 3572 add.
1708 3522 1763 3586 u)
1813 3519 1867 3571 P
1920 3518 2178 3571 clauciam
2224 3515 2358 3572 RP¹
2413 3517 2658 3570 (lanciam
2713 3515 2827 3569 VU

529 3608 690 3662 aliam
731 3626 768 3660 a
803 3607 953 3660 illam
992 3623 1019 3661 e
1052 3608 1205 3660 illam
1246 3606 1524 3661 Glauciam
1551 3609 1627 3674 fr
1769 3607 1981 3677 proleui
2017 3606 2129 3659 VU
2235 3606 2300 3658 15
2339 3605 2651 3672 simillimis]
2690 3604 2818 3656 siin

527 3697 639 3750 illis
673 3696 731 3750 R
769 3697 906 3762 aet*
1034 3695 1099 3748 16
1138 3698 1343 3763 quanta
1380 3700 1464 3751 est
1500 3695 1608 3749 fuit
1647 3698 1755 3763 (est
1792 3698 1934 3764 exp.)
1983 3695 2038 3749 U
2162 3695 2227 3748 18
2265 3694 2397 3747 astri
2434 3692 2487 3745 L
2623 3693 2685 3746 19
2725 3692 2817 3746 de-

529 3785 733 3855 spicere
770 3783 968 3837 LP¹V
992 3800 1029 3835 a
1058 3782 1457 3852 despijspicere
1506 3784 1553 3837 U
1592 3785 1878 3854 displicere
1914 3784 1971 3839 R
2009 3784 2245 3853 aspicere
2286 3783 2354 3836 ἰν
2388 3781 2650 3850 respicere
2678 3782 2818 3847 efm

528 3874 597 3927 20
637 3874 913 3927 discantur
958 3871 1072 3924 VU
1227 3873 1603 3943 perspicuitas]
1641 3875 1876 3943 perspici
1914 3874 2118 3927 ueritas
2166 3873 2219 3925 V
2251 3871 2454 3925 ueritas
2492 3872 2724 3941 perspici
2773 3871 2826 3924 U

529 3955 609 4015 21'
636 3962 801 4030 enim]
843 3978 963 4013 eum
991 3960 1047 4015 R
1156 3960 1224 4013 22
1265 3964 1320 4014 et
1355 3977 1477 4026 om.,
1515 3978 1584 4015 m.
1625 3967 1664 4017 2
1699 3964 1762 4015 in
1797 3978 1967 4031 mara.
2010 3963 2140 4016 add.
2180 3961 2234 4014 U
2372 3977 2552 4014 nean.
2579 3960 2633 4013 L
2670 3960 2815 4028 ncujj

531 4054 714 4120 (super
740 4049 813 4118 ujj
849 4049 979 4102 add.
1012 4048 1174 4116 ·VII·)
1199 4048 1251 4100 P
1273 4066 1341 4102 ne
1371 4054 1577 4118 septem
1602 4051 1734 4106 RP¹
1764 4051 1884 4105 edd.
1913 4057 2138 4120 praeter
2164 4068 2212 4103 m
2244 4067 2312 4103 ne
2341 4050 2439 4104 illa
2468 4052 2675 4117 septem
2713 4047 2828 4101 VU

530 4140 598 4194 23
636 4139 791 4208 pede,
829 4154 965 4191 corr.
1004 4137 1201 4206 pedum
1240 4137 1294 4188 P
1328 4137 1526 4206 pedum
1548 4139 1748 4193 P¹VU
1780 4142 1846 4194 lr
1883 4139 2049 4210 pedes
2081 4141 2217 4206 aef
2342 4153 2609 4208 quamque
2650 4153 2736 4188 Νι.
2766 4136 2820 4188 L

533 4244 692 4295 quam
732 4243 868 4296 quae
907 4226 960 4295 uj
1005 4228 1115 4293 (Νι.
1151 4240 1315 4292 super
1350 4226 1428 4295 uj)
1469 4227 1523 4278 P
1560 4245 1786 4297 quamq;
1828 4245 1918 4282 sex
1954 4228 2010 4283 R
2050 4245 2211 4297 quam
2251 4244 2313 4281 ex
2350 4244 2407 4281 se
2435 4226 2510 4281 Ρ1
2549 4241 2818 4295 quamque

638 4351 742 4400 ΧΠ,
773 4350 889 4399 Aug.
923 4351 963 4400 2,
990 4373 1005 4400 2
2596 4331 2630 4381 3
