3392 4917
456 1480 507 1518 10

453 2011 506 2050 15

454 2547 506 2585 20

1264 310 1795 380 epistularum
1850 309 2124 366 XXVIIII.
2712 313 2837 377 119

545 506 814 589 periculi
860 504 1297 589 magnitudine
1343 507 1521 570 tutor
1566 506 1632 569 et
1677 505 2064 589 gubernator
2108 509 2325 570 noster
2353 505 2596 570 animos
2643 505 2839 570 facul-

546 616 872 695 tatemque
917 611 1282 696 praebebat.
1330 631 1452 676 non
1503 630 1620 695 ego
1676 612 1936 675 illorum
1983 610 2275 675 lacrimas
2332 611 2491 675 meis
2555 610 2837 676 lacrimis

546 718 741 795 moui,
794 717 906 782 sed
953 736 1095 781 cum
1135 717 1293 781 talia
1330 716 1705 793 dicerentur,
1745 717 1967 795 fateor,
2008 736 2226 782 eorum
2263 718 2419 782 fletu
2456 721 2837 800 praeuentus

547 844 761 889 meum
809 824 1124 888 abstinere
1171 842 1292 887 non
1339 823 1542 906 potui.
1606 825 1671 887 et
1718 842 1862 888 curn
1922 823 2050 887 iam
2113 823 2349 907 pariter
2410 823 2837 900 fleuissemus,

547 930 917 1014 plenissima
945 948 1057 1011 spe
1088 929 1497 995 correctionis
1526 928 1781 992 illorum
1811 929 1955 994 finis
1987 930 2292 994 sermonis
2323 930 2449 994 mei
2477 929 2687 994 factus
2719 931 2836 994 est.

633 1036 949 1102 Postridie
1023 1056 1174 1101 uero
1251 1055 1394 1100 cum
1466 1035 1809 1100 inluxisset
1873 1035 2030 1114 dieS,
2097 1037 2202 1101 cui
2268 1037 2557 1101 solebant
2620 1036 2836 1101 fauces

545 1146 928 1225 uentresque
975 1162 1044 1207 se
1089 1161 1335 1225 parare,
1383 1142 1713 1206 nuntiatur
1758 1141 1918 1205 mihi
1962 1143 2301 1207 nonnullos
2359 1161 2573 1207 eorum
2624 1142 2837 1221 etiam,

547 1250 657 1332 qui
705 1249 981 1315 sermoni
1028 1249 1306 1328 aderant,
1354 1248 1638 1313 nondum
1686 1269 1722 1313 a
1786 1248 2288 1313 murmuratione
2353 1267 2640 1313 cessasse
2703 1252 2837 1313 tan-

544 1359 811 1439 tumque
874 1355 938 1420 in
1004 1355 1096 1420 eis
1160 1355 1372 1420 ualere
1436 1355 1571 1419 uim
1634 1355 1952 1437 pessimae
2018 1354 2522 1434 consuetudinis,
2569 1358 2644 1419 ut
2698 1354 2835 1419 eius

542 1466 793 1527 tantum
838 1481 1000 1527 uoce
1046 1464 1376 1526 uterentur
1441 1465 1507 1526 et
1571 1461 1880 1527 dicerent:
1929 1459 2158 1541 ‘Quare
2203 1460 2446 1525 modo?
2500 1480 2623 1526 non
2672 1461 2838 1525 enim

546 1572 746 1648 antea,
769 1569 877 1652 qui
897 1569 1054 1634 haec
1072 1587 1195 1633 non
1221 1568 1700 1651 prohibuerunt,
1724 1569 2048 1633 christiani
2075 1587 2197 1633 non
2228 1568 2441 1633 erant‘.
2465 1586 2588 1650 quo
2619 1567 2834 1632 audito

543 1696 700 1759 quas
741 1677 910 1742 sicut
944 1675 1215 1741 maiores
1255 1674 1700 1739 commouendi
1729 1693 1837 1739 eos
1866 1675 2190 1740 machinas
2216 1693 2674 1758 praepararem,
2706 1694 2836 1740 om-

541 1784 690 1848 nino
728 1782 1118 1859 nesciebam3
1159 1781 1571 1864 disponebam
1608 1784 1842 1859 tamen,
1873 1780 1929 1846 si
1956 1781 2488 1863 perseuerandum
2516 1783 2834 1864 putarent,

541 1890 711 1955 lecto
747 1889 860 1954 illo
898 1890 1039 1954 loco
1079 1889 1155 1953 de
1192 1888 1502 1970 propheta
1537 1887 1895 1953 Ezechiele:
1944 1887 2333 1969 ‘Explorator
2370 1888 2746 1966 absoluitur,
2779 1887 2836 1953 si

540 1995 892 2078 periculum
923 1995 1408 2071 denuntiauerit,
1441 1994 1632 2058 etiam
1663 1994 1720 2058 si
1742 1994 1859 2073 illi,
1892 1994 2122 2077 quibus
2154 1994 2581 2074 denuntiatur,
2615 2013 2835 2059 cauere

541 2102 881 2167 noluerint'
924 2101 1310 2166 uestimenta
1355 2118 1497 2164 mea
1544 2102 1834 2165 excutere
1882 2103 2072 2182 atque
2110 2099 2454 2166 discedere.
2492 2098 2645 2164 'tum
2683 2118 2832 2164 uero

544 2208 838 2273 dominus
886 2206 1183 2283 ostendit,
1233 2205 1403 2288 quod
1448 2224 1564 2269 nos
1611 2224 1735 2270 non
1784 2205 2033 2269 deserat
2087 2207 2152 2269 et
2207 2206 2438 2287 quibus
2494 2205 2722 2284 modis,
2768 2205 2834 2269 in

545 2333 614 2378 se
661 2316 736 2378 ut
788 2331 1292 2395 praesumamus,
1350 2311 1670 2387 hortetur3
1729 2330 2002 2394 namque
2057 2314 2202 2375 ante
2258 2313 2498 2391 horam,
2558 2332 2682 2395 qua
2737 2330 2833 2377 ex-

543 2420 799 2486 hedram
867 2419 1372 2496 ascenderemus,
1428 2417 1703 2502 ingressi
1759 2421 1909 2482 sunt
1963 2417 2042 2482 ad
2087 2437 2188 2481 me
2242 2418 2412 2484 idem
2466 2419 2612 2503 ipsi,
2672 2438 2830 2502 quos

545 2527 864 2592 audieram
913 2526 988 2590 de
1036 2525 1504 2610 oppugnatione
1551 2528 1848 2590 uetustae
1898 2525 2376 2590 consuetudinis
2431 2526 2631 2591 fuisse
2688 2544 2832 2591 con-

543 2637 826 2715 questos
893 2651 1052 2715 quos
1116 2631 1346 2696 blande
1411 2633 1711 2714 acceptos
1776 2631 1999 2715 paucis
2065 2631 2278 2695 uerbis
2335 2632 2398 2695 in
2449 2631 2827 2696 sententiam

544 2759 758 2804 sanam
804 2738 1121 2805 transtuli.
1179 2740 1369 2821 atque
1425 2738 1535 2803 ubi
1591 2741 1858 2803 uentum
1907 2740 2007 2803 est
2052 2737 2131 2802 ad
2176 2740 2431 2821 tempus
2496 2738 2832 2821 disputati-

544 2845 704 2924 oniS,
769 2845 1007 2910 omissa
1068 2845 1361 2923 lectione,
1425 2864 1615 2928 quam
1675 2863 2216 2928 praeparaueram‚
2276 2845 2423 2927 quia
2476 2844 2833 2909 necessaria

541 2952 668 3015 iam
716 2970 838 3017 non
892 2951 1250 3030 uidebatur,
1308 2952 1385 3016 de
1440 2952 1560 3017 hac
1623 2952 1767 3035 ipsa
1831 2952 2201 3034 quaestione
2265 2970 2470 3035 pauca
2534 2951 2829 3030 disserui,

478 3081 503 3119 5
540 3057 702 3122 nihil
745 3077 860 3123 nos
907 3076 1022 3122 nec
1066 3058 1328 3123 breuius
1378 3077 1495 3124 nec
1540 3059 1759 3123 uerius
1805 3078 1996 3140 posse
2043 3059 2284 3123 adferre
2342 3058 2650 3123 aduersus
2698 3077 2828 3135 eOS,

542 3164 650 3245 qui
698 3164 947 3228 dicunt:
996 3161 1224 3243 ‘Quare
1270 3164 1525 3229 modOP’
1569 3165 1693 3229 nisi
1743 3168 1808 3230 et
1851 3184 1966 3230 nos
2017 3165 2332 3230 dicamus:
2390 3164 2531 3228 ‘Vel
2595 3164 2826 3229 modo'.

629 3269 869 3336 Verum
907 3272 1118 3334 tamen
1164 3288 1242 3334 ne
1286 3269 1405 3349 illi,
1446 3272 1580 3352 qui'
1603 3273 1751 3335 ante
1798 3289 1915 3335 nos
1962 3274 2094 3334 tam
2141 3270 2481 3337 manifesta
2523 3269 2830 3353 inperitae

539 3375 973 3441 multitudinis
1020 3377 1286 3443 crimina
1328 3377 1437 3442 uel
1480 3377 1909 3460 permiserunt
1952 3378 2060 3442 uel
2103 3377 2434 3460 prohibere
2498 3396 2621 3442 non
2687 3376 2829 3441 ausi

725 3568 790 3621 14
827 3565 894 3621 cf.
932 3565 1126 3623 Ezech.
1164 3566 1253 3631 33,
1290 3567 1325 3621 9

612 3672 644 3726 3
690 3672 916 3725 monium
964 3674 1295 3741 praeuentus
1340 3688 1517 3726 meum
1570 3672 1844 3727 abstinere
1889 3690 1996 3727 non
2033 3672 2416 3744 potuijlfateor
2461 3689 2641 3727 eorum
2693 3673 2827 3727 fietu

538 3762 865 3830 praeuentus
901 3775 1082 3813 meum
1120 3757 1393 3813 abstinere
1428 3777 1536 3814 non
1573 3762 1729 3831 potui
1767 3765 1824 3816 et
1861 3779 1979 3816 cum
2018 3762 2127 3816 iam
2159 3764 2241 3830 (in
2266 3778 2381 3817 ras.
2409 3762 2583 3830 fuisse
2608 3761 2830 3815 uidetur

537 3849 658 3915 sed;
696 3867 764 3902 m.
803 3853 844 3904 2
869 3849 932 3904 in
960 3851 1208 3919 maryinc
1236 3849 1367 3903 add.
1398 3848 1494 3904 sed
1523 3866 1642 3904 cum
1669 3850 1806 3905 talia
1835 3850 2142 3906 dicerentur
2168 3851 2346 3906 fateor
2374 3868 2555 3905 eorum
2585 3850 2737 3918 fletu)
2766 3851 2830 3903 X

539 3940 569 3992 7
609 3955 856 4009 separare
894 3939 957 3992 X
1084 3939 1153 3993 10
1186 3937 1405 3992 modum
1446 3940 1510 3993 X
1635 3939 1696 3993 11
1740 3939 1932 3994 auditu
1968 3940 2031 3994 X
2174 3942 2242 3994 12
2280 3941 2465 4010 quasic
2502 3939 2729 3993 maiores
2767 3940 2831 3992 X

539 4045 670 4097 quas
707 4027 937 4082 maiores
965 4045 1019 4082 m
1168 4028 1233 4082 13
1272 4029 1503 4097 putaren
1525 4067 1677 4083 .....
1700 4028 1795 4082 1110
1833 4029 1971 4095 1000,
2007 4045 2077 4083 m.
2117 4031 2156 4082 2
2190 4029 2253 4083 in
2291 4030 2499 4083 lacuna
2534 4032 2561 4082 t
2596 4028 2738 4082 lecto
2766 4028 2830 4080 X

539 4115 607 4167 14
643 4114 889 4169 ezechiae
923 4115 1044 4169 loco
1073 4116 1135 4168 X
1250 4115 1316 4169 15
1352 4114 1463 4169 illis
1491 4116 1553 4171 X
1660 4116 1726 4168 17
1766 4115 1932 4185 quod]
1974 4131 2111 4185 quae
2137 4117 2200 4169 X
2309 4116 2374 4170 18
2403 4132 2509 4186 qua
2536 4116 2589 4186 (a
2624 4115 2688 4169 in
2712 4106 2826 4169 r'as.

535 4218 604 4256 m.
640 4202 697 4273 2)
733 4204 796 4257 Χ
900 4203 970 4258 20
1008 4203 1284 4269 audierim,
1320 4220 1389 4257 m.
1427 4207 1467 4257 2
1503 4203 1778 4258 audieram
1814 4205 1877 4258 X
