3392 4917
620 360 701 423 18
1332 355 1385 408 S.
1434 355 1709 409 Aureli
1763 356 2202 424 Augustini

615 554 743 618 ista
807 553 1131 629 uoluente,
1199 569 1344 615 cum
1411 569 1486 614 ea
1548 568 1898 631 numquam
1965 549 2351 614 extrinsecus
2419 550 2707 615 senserit.
2782 570 2907 616 non

618 657 784 722 enim
859 657 1049 722 etiam
1125 676 1239 721 nos
1316 675 1463 721 cum
1542 656 1928 741 indignando
2005 658 2116 720 aut
2185 656 2478 720 laetando
2556 657 2907 740 ceterisque

615 764 882 828 huiusce
920 764 1096 828 modi
1141 763 1337 827 animi
1381 764 1665 828 motibus
1713 764 1953 827 multos
1999 762 2065 826 in
2110 765 2328 827 nostro
2379 782 2636 845 corpore
2683 764 2907 829 uultus

618 870 986 952 coloresque
1033 870 1402 948 formamus,
1451 870 1626 952 prius
1673 872 1892 934 nostra
1936 869 2261 952 cogitatio,
2300 869 2470 952 quod
2514 870 2718 935 facere
2762 890 2908 953 pos-

618 976 842 1055 simus,
891 978 1054 1041 tales
1101 976 1413 1061 imagines
1462 977 1759 1059 concipit.
1836 958 2334 1059 consequuntur*
2365 977 2495 1042 ista
2545 977 2722 1042 miris
2777 977 2907 1042 illis
2972 999 2996 1037 5

615 1082 824 1149 modis
884 1085 949 1147 et
1003 1083 1478 1148 committendis
1537 1083 1913 1166 cogitationi
1966 1085 2135 1161 tuae,
2186 1102 2332 1148 cum
2385 1083 2450 1147 in
2510 1084 2719 1148 anima
2773 1086 2906 1150 sine

614 1190 751 1254 ulla
797 1189 1219 1272 corporalium
1275 1190 1479 1274 figura
1532 1190 1887 1255 falsitatum
1944 1190 2191 1255 numeri
2247 1190 2595 1255 actitantur
2647 1190 2903 1258 occulti.

617 1315 690 1360 ex
737 1316 859 1378 quo
906 1297 1247 1380 intellegas
1293 1297 1513 1375 uelim,
1565 1314 1712 1360 cum
1758 1299 1891 1361 tam
1945 1297 2186 1361 multos
2244 1296 2438 1360 animi
2492 1299 2709 1362 motus
2767 1316 2907 1363 esse

618 1402 855 1467 sentias
906 1404 1191 1484 expertes
1240 1400 1564 1480 omnium,
1596 1401 1674 1466 de
1723 1401 1955 1483 quibus
2002 1419 2169 1466 nunc
2216 1401 2487 1483 quaeris,
2527 1401 2903 1486 imaginum,

618 1507 907 1589 quolibet
961 1507 1083 1571 alio
1142 1508 1324 1571 motu
1381 1506 1651 1570 animam
1714 1507 1927 1573 sortiri
1982 1525 2211 1589 corpus
2269 1526 2458 1588 quam
2507 1507 2906 1572 sensibilium
2944 1532 2996 1572 ιο

619 1613 1006 1697 cogitatione
1050 1612 1416 1690 formarum,
1458 1631 1615 1695 quas
1663 1631 1821 1691 eam,
1869 1612 2239 1705 priusquam
2286 1631 2542 1696 corpore
2589 1614 2909 1678 sensibus-

617 1740 739 1802 que
786 1722 1022 1797 utatur,
1070 1720 1245 1784 nullo
1294 1720 1482 1786 modo
1532 1720 1802 1784 arbitror
1836 1720 1970 1802 pati
2005 1739 2217 1803 posse.
2269 1739 2457 1802 quam
2496 1721 2575 1785 ob
2614 1739 2749 1784 rem
2795 1739 2905 1801 pro

621 1828 837 1890 nostra
908 1826 1345 1891 familiaritate
1412 1828 1476 1890 et
1537 1845 1649 1909 pro
1717 1825 1921 1909 ipsius
1996 1825 2199 1890 diuini
2271 1826 2429 1890 iuris
2492 1826 2617 1890 fide
2683 1826 2903 1891 sedulo

616 1931 992 2010 monuerim,
1045 1932 1368 1997 carissime
1417 1932 1576 1996 mihi
1622 1952 1696 1998 ac
1741 1933 2224 2011 iucundissime,
2270 1933 2513 1997 nullam
2562 1951 2708 1997 cum
2761 1932 2907 1998 istis

614 2038 878 2103 infernis
926 2039 1169 2103 umbris
1219 2039 1480 2122 copules
1528 2039 1877 2104 amicitiam
1924 2058 2084 2104 neue
2138 2038 2339 2118 illam,
2397 2058 2556 2122 quae
2612 2039 2909 2122 copulata
2946 2054 2996 2095 1⁶

618 2147 737 2223 est,
787 2147 1085 2209 cunctere
1142 2144 1467 2212 diuellere.
1545 2145 1722 2210 nullo
1778 2145 1967 2211 modo
2026 2145 2191 2210 enirn
2246 2144 2573 2211 resistitur
2629 2145 2907 2228 corporis

619 2249 936 2328 sensibus,
994 2269 1154 2334 quae
1211 2251 1394 2316 nobis
1452 2251 1886 2316 sacratissima
1942 2251 2277 2333 disciplina
2341 2254 2459 2331 est,
2523 2252 2578 2316 si
2631 2270 2744 2335 per
2799 2270 2907 2317 eos

620 2356 880 2420 inflictis
926 2356 1137 2441 plagis
1184 2357 1682 2438 uulneribusque
1730 2356 2108 2421 blandimur.

1682 2549 1857 2614 VIII.

1320 2669 1739 2726 AUGUSTINO
1786 2670 1837 2726 N
1841 2670 2199 2727 EBRIDIUS.
2942 2709 2995 2749 20

707 2779 1062 2844 Festinanti
1096 2778 1256 2843 mihi
1295 2778 1374 2843 ad
1408 2798 1542 2843 rem
1579 2779 1908 2861 peruenire
1936 2779 2185 2844 nullum
2210 2780 2627 2862 prooemium,
2658 2782 2908 2844 nullum

622 2886 836 2969 placet
890 2885 1236 2951 exordium.
1311 2885 1421 2968 qui
1476 2885 1569 2963 fit,
1626 2885 1718 2949 mi
1762 2885 2139 2970 Augustine,
2196 2888 2304 2951 uel
2359 2886 2468 2969 qui
2521 2887 2752 2952 modus
2812 2890 2911 2952 est

695 3148 719 3200 1
753 3148 1047 3201 uoluantur
1074 3147 1193 3204 edd.
1303 3147 1431 3217 non]
1460 3163 1585 3201 nam
1602 3146 1680 3201 P¹
1709 3147 1828 3201 edd.
1903 3148 1935 3201 2
1966 3149 2107 3201 enim
2133 3164 2234 3202 om.
2255 3146 2442 3203 LP¹R
2468 3148 2587 3201 edd.
2663 3149 2695 3202 3
2723 3148 2907 3202 huius·

620 3235 855 3291 cemodis
891 3236 945 3289 L
980 3235 1290 3290 huiusmodi
1327 3236 1383 3288 P
1504 3237 1715 3291 animae
1752 3236 1808 3289 P
1921 3237 1956 3290 4
1991 3236 2163 3306 prius]
2203 3235 2352 3306 prius
2392 3252 2554 3306 quarn
2589 3237 2646 3290 P
2786 3241 2906 3298 noa.

619 3342 756 3380 corr.
786 3324 984 3378 11111Ρ1
1093 3323 1259 3395 quod]
1286 3324 1430 3394 quod
1448 3324 1506 3378 id
1525 3325 1580 3377 P
1682 3325 2043 3394 possumusP
2069 3342 2105 3378 a
2124 3324 2203 3393 ef
2268 3326 2299 3378 7
2328 3324 2632 3379 falsitatum
2661 3325 2837 3394 figura
2858 3327 2914 3379 P

688 3414 1025 3467 falsitafftum
1056 3413 1188 3482 (fuit
1213 3415 1269 3482 n)
1300 3412 1378 3466 P¹
1450 3413 1483 3468 8
1510 3416 1706 3479 motos,
1735 3430 1871 3468 corr.
1899 3418 2079 3469 motus
2106 3410 2185 3467 Ρ1
2259 3414 2290 3467 9
2322 3417 2565 3482 expartes
2594 3413 2719 3467 LP1
2747 3416 2904 3481 (corr.

621 3502 884 3573 expertes)
925 3519 987 3556 ex
1023 3505 1175 3572 parte
1213 3501 1270 3557 R
1382 3502 1447 3556 12
1484 3503 1637 3556 nullu
1674 3502 1731 3555 P
1839 3504 1906 3556 14
1940 3503 2016 3556 mi
2053 3501 2109 3554 P
2247 3518 2314 3555 ne
2352 3502 2519 3556 ullam
2557 3503 2613 3555 P
2721 3504 2786 3556 15
2823 3501 2907 3555 iu-

619 3591 758 3647 ferni
793 3590 850 3646 R
994 3589 1227 3655 umbre8‚
1266 3606 1401 3645 corr.
1440 3609 1509 3645 m.
1549 3600 1580 3645 1
1615 3591 1819 3645 umbris
1857 3591 1912 3647 R
2058 3590 2264 3660 copulis
2301 3589 2430 3643 LP¹
2471 3592 2628 3656 (corr.
2670 3589 2907 3660 copules)

624 3680 688 3735 16
728 3683 979 3734 cunctare
1015 3680 1071 3733 P
1211 3680 1366 3733 nullu
1400 3679 1456 3732 P
1599 3680 1741 3733 enim
1779 3679 1936 3733 modo
1978 3679 2098 3733 cdd.
2213 3680 2276 3732 17
2316 3680 2499 3759 sensui
2535 3677 2737 3734 LP1R.

799 3837 852 3889 L
907 3862 974 3884 =
1014 3837 1131 3892 cod.
1170 3837 1567 3892 Laudune‘nsis
1603 3841 1717 3891 134
1739 3824 1796 3893 ’3.
1835 3838 1948 3891 IX.

799 3927 855 3980 P
907 3951 974 3973 =
1014 3927 1132 3984 cod.
1171 3928 1472 3982 Parisinus
1507 3945 1635 3981 nou.
1678 3944 1794 3994 aeq.
1834 3929 1984 3981 1672
2020 3941 2062 3980 s.
2100 3926 2209 3980 IX.

800 4013 972 4070 P1=
1012 4016 1129 4070 cod.
1167 4016 1468 4071 Parisinus
1505 4019 1689 4070 12210
1724 4031 1768 4072 8.
1808 4016 1895 4099 X.-

692 4175 762 4229 20
802 4176 1094 4245 augustino
1131 4174 1377 4228 nebridio
1406 4174 1458 4228 L
1567 4175 1633 4229 21
1675 4175 1945 4244 prymium
1971 4174 2027 4228 P
2059 4175 2357 4245 praemium
2384 4173 2514 4228 LP¹
2554 4176 2709 4241 (corr.
2751 4190 2907 4244 proe-

619 4262 811 4331 mium)
923 4264 990 4317 22
1031 4263 1330 4317 exwordium
1374 4265 1428 4330 (h
1469 4266 1631 4333 eras.)
1670 4263 1746 4318 Ρ1
