3392 4917
648 357 733 419 82
1359 355 1413 408 S.
1468 354 1745 408 Aureli
1798 354 2237 423 Augustini

646 566 813 611 mea
859 547 1327 612 desiderare
1374 548 1686 613 iudicia
1733 549 1992 617 domini.
2041 550 2189 614 uide
2240 550 2490 633 quando
2549 551 2934 633 adsequatur

648 654 943 718 effectum
991 654 1092 718 dei
1155 657 1579 734 uoluntatum,
1630 656 1739 737 qui
1804 656 2011 721 adhuc
2072 657 2285 738 ipsum
2352 657 2704 725 desiderare
2771 656 2932 721 desi-

646 761 843 829 derat.
910 762 1080 845 quod
1144 762 1207 825 in
1273 781 1376 827 me
1445 765 1657 827 tamen
1727 765 1846 842 est,
1915 763 2166 828 dilexi
2232 764 2605 829 decorem
2653 764 2930 828 domus

644 871 899 932 sanctae
948 871 1029 938 et,
1081 869 1492 951 quantumin
1529 888 1631 933 me
1676 868 1820 945 fuit,
1871 872 2277 955 elegeram
2324 870 2703 935 abiectus
2753 887 2929 934 esse

640 974 719 1038 in
768 974 992 1039 domo
1041 975 1368 1041 domini.
1438 976 1551 1040 sed
1616 976 1720 1040 cui
1764 977 2087 1059 placuit
2152 996 2590 1061 segregare
2655 995 2769 1041 me
2837 975 2926 1039 ab

641 1083 870 1146 utero
919 1083 1204 1147 matris
1250 1101 1468 1147 meae
1516 1085 1590 1147 et
1635 1084 1714 1148 ab
1764 1082 2046 1148 amicitia
2093 1083 2298 1148 carnis
2347 1086 2412 1148 01
2458 1083 2788 1167 sanguinis
2837 1081 2930 1147 ad

641 1189 984 1271 gratiam
1032 1208 1252 1254 suam
1298 1190 1644 1266 trahere,
1694 1190 1901 1254 eidem
1937 1190 2182 1272 placuit
2214 1190 2534 1272 inopem
2571 1208 2673 1253 me
2723 1188 2926 1253 omnis

640 1295 791 1359 boni
827 1295 1038 1359 meriti
1076 1296 1452 1360 suscitare
1502 1296 1588 1361 de
1635 1300 1844 1361 terra
1891 1300 1957 1361 et
1993 1297 2077 1361 de
2114 1298 2288 1361 lacu
2326 1296 2809 1360 miseriarum
2847 1313 2927 1358 ac

640 1401 951 1466 deluto
982 1402 1233 1466 faecis
1265 1403 1614 1482 educere,
1645 1406 1733 1468 ut
1771 1404 2247 1468 conlocaret
2285 1421 2383 1466 me
2425 1421 2597 1466 cum
2635 1401 2927 1484 princi-

637 1509 875 1591 pibus
940 1509 1224 1592 populi
1289 1510 1417 1574 sui
1482 1513 1547 1574 et
1608 1513 1853 1592 partem
1903 1529 2108 1575 meam
2154 1509 2218 1572 in
2266 1511 2380 1572 tua
2427 1511 2596 1573 sorte
2643 1509 2923 1591 poneret,

638 1617 712 1679 ut
756 1618 820 1678 te
866 1618 1230 1696 praestante
1277 1616 1523 1680 meritis
1573 1615 1782 1681 officio
1832 1616 2113 1680 sociatus
2163 1633 2478 1696 aequarer.

724 1721 1251 1804 Praesumptione
1298 1722 1499 1806 igitur
1541 1741 1666 1786 non
1713 1741 1876 1799 mea,
1926 1722 2036 1787 sed
2096 1722 2335 1805 placito
2404 1724 2470 1786 et
2535 1720 2926 1785 ordinatione

638 1827 877 1891 domini
923 1828 1338 1893 fraternitatis
1384 1831 1534 1892 tuae
1581 1828 1744 1892 mihi
1788 1828 2014 1893 foedus
2061 1846 2376 1909 usurpans
2413 1830 2589 1891 tanto
2627 1826 2926 1910 indignus

636 1935 868 1998 honore
913 1953 1015 1999 me
1064 1935 1305 2018 dignor,
1355 1934 1504 2017 quia
1547 1937 1612 1998 te
1655 1953 1769 2016 pro
1837 1937 1951 1998 tua
2016 1934 2351 1998 sanctitate
2419 1934 2588 1996 certo
2656 1932 2788 1997 scio
2837 1968 2922 1978 —-

635 2060 777 2104 nam
823 2042 1095 2105 ueritate
1144 2041 1316 2125 sapis
1362 2078 1445 2087 —
1509 2060 1633 2105 non
1702 2042 1832 2105 alta
1895 2059 2133 2121 sapere,
2184 2040 2297 2105 sed
2361 2039 2716 2103 humilibus
2781 2057 2922 2103 con-

636 2167 878 2234 gruere.
927 2148 1199 2230 ideoque
1235 2150 1526 2230 prompte
1566 2150 1631 2212 et
1666 2147 1889 2212 intime
1926 2151 2331 2228 recepturum
2369 2165 2553 2228 spero
2594 2145 2923 2210 caritatem

635 2255 1018 2320 humilitatis
1100 2258 1382 2332 nostrae,
1455 2273 1645 2336 quam
1731 2254 1990 2336 quidem
2064 2254 2193 2317 iam
2265 2253 2584 2335 recepisse
2665 2254 2729 2315 te
2811 2270 2925 2333 per

634 2363 1073 2428 beatissimum
1157 2360 1554 2425 sacerdotem
1635 2361 1957 2443 Alypium,
2044 2359 2193 2441 quia
2275 2359 2592 2442 dignatur,
2674 2360 2921 2440 patrem

634 2474 949 2547 nostrum,
1000 2468 1268 2533 confido.
1314 2469 1371 2532 is
1421 2468 1590 2532 enim
1646 2468 1782 2532 sine
1846 2468 2037 2533 dubio
2105 2467 2181 2531 de
2246 2486 2314 2532 se
2378 2466 2498 2531 tibi
2561 2467 2919 2548 exemplum

633 2576 925 2658 praebuit
967 2594 1084 2639 nos
1133 2578 1275 2639 ante
1322 2574 1617 2639 notitiam
1679 2578 1745 2639 et
1810 2594 2000 2657 supra
2062 2573 2363 2638 meritum
2429 2572 2760 2656 diligendi,
2808 2571 2918 2654 qui

630 2682 991 2767 incognitos
1039 2680 1164 2744 sibi
1209 2699 1324 2744 nos
1372 2684 1438 2744 et
1489 2680 1840 2764 longinqua
1905 2680 2026 2744 soli
2089 2680 2199 2744 uel
2264 2678 2385 2743 sali
2447 2677 2915 2762 intercapedine

632 2789 985 2871 disparatos
1034 2787 1263 2868 spiritu
1309 2805 1498 2851 uerae
1546 2786 1931 2862 dilectionis,
1980 2786 2089 2868 qui
2136 2786 2371 2868 ubique
2420 2789 2486 2849 et
2528 2785 2817 2867 penetrat
2853 2787 2917 2847 et

631 2894 995 2971 effunditur,
1045 2895 1111 2957 et
1154 2893 1372 2958 uidere
1422 2893 1745 2977 diligendo
1811 2893 2024 2975 potuit
2089 2895 2152 2957 et
2217 2890 2615 2973 adloquendo
2681 2886 2913 2973 pertin-

808 3102 832 3155 1
873 3100 995 3155 Act.
1039 3101 1120 3165 13,
1161 3101 1227 3153 22
1356 3132 1360 3141 ·
1409 3101 1443 3153 3
1481 3101 1568 3156 Ps.
1608 3100 1694 3162 25,
1735 3099 1767 3152 8
1947 3101 1982 3153 4
2018 3101 2105 3156 Ps.
2145 3100 2232 3161 83,
2276 3099 2337 3152 11
2521 3099 2555 3151 5
2595 3096 2712 3152 Gal.
2754 3097 2802 3160 1,
2845 3096 2909 3149 15

630 3192 659 3243 7
697 3190 785 3243 Ps.
828 3190 949 3254 112,
990 3190 1020 3242 7
1133 3189 1165 3242 8
1203 3191 1290 3244 Ps.
1330 3190 1417 3253 39,
1458 3190 1489 3243 3
1600 3189 1633 3242 9
1672 3189 1761 3242 Ps.
1805 3189 1923 3252 112,
1962 3189 1998 3242 8
2110 3190 2175 3242 15
2212 3188 2367 3241 Rom.
2410 3188 2492 3251 12,
2535 3187 2601 3240 16

700 3367 724 3418 1
769 3364 969 3417 iudicia
1007 3365 1210 3416 domini
1249 3380 1351 3418 om.
1388 3364 1448 3417 E
1587 3364 1620 3416 2
1660 3363 1854 3417 effectu
1891 3380 1944 3415 m
2098 3362 2186 3415 dei
2223 3377 2326 3416 om.
2364 3362 2419 3414 P
2569 3361 2909 3414 uoluntatem

624 3453 735 3507 AR
753 3470 833 3521 m,-
870 3454 938 3520 cf.
979 3453 1101 3506 Act.
1138 3456 1227 3515 13,
1262 3456 1341 3506 22
1496 3469 1703 3521 posum,
1743 3467 1881 3506 corr.
1923 3453 2012 3516 (m.
2049 3449 2150 3517 1?)
2189 3451 2366 3519 ipsum
2403 3451 2458 3503 P
2571 3450 2603 3503 3
2643 3449 2909 3511 docorem,

622 3559 691 3596 m.
739 3546 775 3595 2
820 3541 1063 3594 decorem
1100 3541 1175 3594 M
1348 3542 1383 3594 4
1430 3542 1706 3610 eligeram,
1754 3555 1893 3595 corr.
1941 3556 2010 3592 m.
2058 3544 2087 3591 1
2134 3539 2402 3608 elegeram
2439 3540 2494 3592 A
2542 3539 2797 3607 eligerem
2834 3536 2910 3589 P¹

623 3631 657 3682 9
714 3630 1056 3690 cumlocaret,
1113 3647 1181 3682 m.
1237 3634 1275 3682 2
1332 3630 1621 3683 collocaret
1674 3628 1722 3682 0
1897 3645 1981 3681 1110
2038 3644 2141 3682 om.
2205 3627 2248 3681 0
2400 3628 2467 3682 10
2524 3630 2678 3696 parte
2731 3626 2912 3680 MAP

627 3719 688 3770 11
732 3734 983 3788 equarem
1022 3718 1081 3771 E
1189 3718 1256 3771 14
1293 3717 1511 3788 dignior
1546 3719 1606 3771 E
1746 3718 1920 3771 sancti
1943 3714 1952 3787 Ι
1975 3719 2030 3770 te
2066 3717 2121 3769 P
2262 3719 2406 3770 certe
2442 3716 2550 3770 PR
2660 3716 2729 3769 15
2766 3714 2906 3768 ueri-

623 3809 738 3859 tate
775 3806 835 3859 Ε
944 3807 1007 3858 16
1046 3808 1315 3875 prompte]
1356 3809 1578 3874 propter
1613 3809 1669 3859 te
1706 3805 1887 3858 MAP
2030 3805 2273 3858 caritatis
2310 3805 2371 3857 E
2476 3805 2541 3858 17
2579 3803 2906 3857 humilitatis

622 3910 725 3948 om.
754 3893 816 3947 E
952 3898 1009 3946 te
1037 3911 1139 3948 om.
1168 3895 1221 3947 A
1324 3894 1391 3946 18
1415 3894 1817 3962 beatissimum]
1857 3892 2187 3962 baptismum
2214 3891 2342 3945 PP¹
2380 3895 2470 3960 (m.
2506 3895 2546 3945 2
2582 3891 2906 3945 beatismum

619 3984 752 4049 εἰσί)
801 3999 903 4037 om.
943 3984 1058 4051 flr
1265 3984 1505 4056 alypium
1550 3982 1597 4036 0
1775 3983 1840 4034 19
1878 3982 1961 4036 his
1998 3983 2058 4036 E
2103 3986 2189 4049 (m.
2228 3985 2267 4034 2
2303 3982 2406 4036 del.
2444 3981 2503 4047 h)
2541 3980 2617 4033 P¹
2666 3982 2724 4050 (h
2763 3984 2903 4049 exp.)

693 4072 837 4124 enim
874 4072 921 4125 ti
958 4072 1073 4126 sine
1112 4073 1179 4137 (ti
1218 4073 1345 4141 del.)
1391 4072 1437 4126 Ο
1575 4072 1703 4141 tibi]
1745 4064 1840 4125 to'b
1877 4073 1932 4125 P
2083 4073 2151 4127 20
2192 4071 2374 4131 etiam,
2413 4086 2550 4125 corr.
2586 4087 2655 4124 m.
2693 4074 2724 4122 1
2760 4071 2904 4122 noti—

618 4161 752 4213 tiam
788 4161 844 4212 P
986 4160 1145 4230 diligi
1181 4162 1235 4214 P
1414 4162 1477 4214 21
1519 4160 1830 4230 incognitor
1867 4163 1920 4214 A
2074 4160 2377 4229 longinqua
2418 4158 2466 4212 0
2605 4158 2726 4222 soli,
2765 4174 2904 4214 corr.

622 4252 710 4315 (m.
748 4248 848 4317 1?)
888 4249 1017 4302 solis
1055 4250 1130 4304 M
1268 4250 1397 4303 salis
1435 4250 1495 4303 Ε

2967 1527 3016 1565 10

2964 2064 3015 2103 15

2953 2588 3004 2627 20
