3392 4917
564 335 646 396 28
1291 328 1345 381 S.
1401 327 1677 383 Aureli
1732 327 2180 396 Augustini

561 544 684 590 non
742 524 1014 589 absurde
1069 523 1377 589 uindicat.
1454 524 1640 588 uelut
1692 524 1758 587 in
1816 522 1947 588 illis
2005 523 2212 588 tribus
2273 523 2611 608 generibus
2670 542 2857 605 quae-

564 633 865 710 stionum,
915 632 1109 696 etiam
1158 632 1214 696 si
1261 632 1618 714 quaeratur,
1670 650 1749 695 an
1799 631 1903 708 sit,
1959 632 2050 695 ibi
2098 634 2198 695 est
2245 633 2310 695 et
2357 631 2512 715 quid
2559 632 2663 708 sit,
2715 650 2855 696 esse

563 740 730 803 enim
795 758 919 805 non
985 740 1202 821 potest
1256 739 1566 822 profecto,
1625 738 1753 802 nisi
1809 738 2051 820 aliquid
2108 739 2229 812 sit3
2296 738 2386 802 ibi
2446 739 2661 817 etiam,
2716 757 2858 821 pro-

559 846 838 910 bandum
911 845 1452 928 inprobandumne
1531 845 1644 921 sit,
1731 845 2032 929 quicquid
2107 844 2273 909 enim
2351 848 2467 923 est,
2553 845 2858 911 nonnulla

561 953 1004 1018 aestimatione
1071 951 1333 1035 dignum
1400 954 1534 1027 est;
1601 952 1696 1016 ita
1765 971 1909 1017 cum
1986 952 2330 1034 quaeritur,
2389 952 2543 1034 quid
2600 952 2705 1029 sit,
2752 970 2856 1015 ne·
2920 970 2945 1011 5

562 1077 740 1123 cesse
807 1061 924 1137 est,
992 1062 1068 1123 ut
1132 1061 1197 1122 et
1262 1058 1348 1122 sit
1413 1060 1479 1123 et
1543 1059 1757 1140 aliqua
1820 1058 2260 1124 aestimatione
2325 1058 2671 1142 pendatur;
2735 1059 2858 1123 hoc

560 1165 747 1230 modo
798 1165 986 1229 etiam
1039 1183 1185 1229 cum
1235 1164 1577 1246 quaeritur,
1629 1165 1815 1246 quale
1875 1164 1979 1242 sit,
2040 1167 2104 1229 et
2161 1164 2402 1247 aliquid
2457 1167 2557 1229 est
2609 1164 2855 1246 utique.

558 1272 650 1335 ita
697 1291 840 1336 cum
892 1271 1018 1335 sibi
1062 1270 1570 1353 inseparabiliter
1614 1271 1834 1336 iuncta
1879 1273 2030 1336 sunt
2077 1271 2305 1347 omnia,
2366 1290 2594 1336 nomen
2642 1275 2855 1336 tamen

561 1377 850 1460 quaestio
899 1396 1021 1441 non
1073 1396 1143 1440 ex
1193 1377 1489 1442 omnibus
1537 1378 1791 1460 accipit,
1842 1377 1956 1442 sed
2002 1381 2077 1442 ut
2132 1397 2271 1444 sese
2328 1378 2623 1443 habuerit
2670 1397 2858 1462 quae-

557 1484 756 1548 rentis
792 1483 1086 1549 intentio.
1137 1503 1285 1567 ergo
1335 1483 1672 1565 disciplina
1718 1485 2085 1550 hominibus
2126 1487 2260 1549 erat
2305 1485 2682 1563 necessaria,
2732 1505 2857 1567 qua
2895 1504 2947 1544 10

552 1588 970 1655 inbuerentur
1050 1592 1114 1654 et
1172 1609 1296 1673 qua
1354 1591 1431 1654 ad
1487 1591 1749 1655 modum
1806 1591 2249 1656 formarentur.
2323 1612 2472 1656 num
2532 1595 2744 1656 tamen
2791 1591 2859 1655 id

556 1696 792 1779 ipsum,
843 1696 1012 1779 quod
1055 1716 1169 1779 per
1213 1698 1377 1762 hanc
1426 1696 1829 1779 disciplinam
1878 1699 1951 1762 fit
1994 1699 2059 1762 in
2118 1698 2506 1774 hominibus,
2566 1702 2678 1762 aut
2730 1718 2852 1764 non

563 1822 705 1868 esse
749 1821 1096 1886 possumus
1148 1802 1354 1869 dicere
1403 1806 1513 1868 aut
1557 1822 1678 1869 non
1739 1805 2217 1888 appetendum?
2293 1805 2405 1870 sed
2461 1805 2622 1870 scire
2678 1806 2855 1887 prius

558 1908 972 1986 intendimus,
1015 1913 1079 1973 et
1123 1929 1236 1992 per
1285 1910 1457 1992 quod
1505 1911 1897 1975 coniciamus
1946 1911 2186 1994 aliquid
2233 1913 2297 1976 et
2339 1911 2404 1975 in
2446 1930 2569 1994 quo
2608 1930 2855 1976 manea-

559 2034 724 2080 mus.
809 2015 1295 2080 demonstranda
1363 2016 1562 2102 igitur
1642 2019 1819 2099 prius
1897 2020 2030 2082 erat
2112 2018 2421 2100 quaedam
2494 2037 2715 2083 norma
2789 2020 2853 2082 et
2889 2031 2946 2070 1⁵

558 2123 779 2206 regula
835 2122 1225 2204 disciplinae.
1288 2124 1457 2206 quod
1511 2123 1750 2188 factum
1819 2126 1919 2190 est
1978 2144 2092 2208 per
2152 2125 2331 2190 illam
2397 2125 2679 2206 suscepti
2743 2124 2855 2189 ho·

560 2228 752 2293 minis
819 2229 1379 2312 dispensationem,
1457 2250 1615 2313 quae
1679 2232 1931 2314 proprie
1996 2232 2127 2297 filio
2194 2231 2529 2297 tribuenda
2592 2234 2712 2309 est,
2781 2233 2856 2294 ut

561 2336 735 2398 esset
798 2354 1186 2418 consequens
1255 2339 1320 2399 et
1360 2336 1565 2419 ipsius
1611 2337 1833 2419 patris,
1889 2337 1957 2400 id
2014 2341 2112 2402 est
2166 2337 2355 2401 unius
2409 2337 2724 2419 principii,
2783 2357 2854 2401 ex

561 2459 684 2522 quo
743 2445 891 2506 sunt
946 2442 1175 2521 omnia,
1245 2443 1522 2528 cognitio
1579 2461 1690 2525 per
1753 2442 1959 2507 filium
2010 2446 2074 2508 et
2121 2444 2430 2526 quaedam
2484 2444 2749 2511 interior
2794 2448 2857 2508 et

558 2546 896 2612 ineffabilis
972 2548 1257 2613 suauitas
1337 2551 1526 2632 atque
1602 2549 1870 2614 dulcedo
1943 2550 2009 2614 in
2082 2550 2210 2615 ista
2282 2552 2645 2634 cognitione
2716 2572 2855 2635 per·
2893 2569 2945 2607 20

560 2653 856 2718 manendi
941 2655 1507 2737 contemnendique
1584 2656 1797 2719 omnia
1867 2656 2181 2733 mortalia,
2248 2657 2417 2738 quod
2493 2657 2727 2722 donum
2793 2661 2857 2722 et

560 2778 790 2824 munus
849 2760 1099 2844 proprie
1158 2760 1412 2842 spiritui
1469 2764 1685 2826 sancto
1734 2762 2055 2828 tribuitur.
2144 2782 2291 2847 ergo
2368 2782 2515 2828 cum
2589 2766 2857 2848 agantur

563 2867 775 2930 omnia
821 2886 1072 2931 summa
1119 2867 1562 2933 communione
1600 2871 1667 2933 et
1702 2869 2265 2953 inseparabilitate,
2305 2872 2516 2935 tamen
2557 2870 2855 2936 distincte

564 2971 1051 3039 demonstranda
1118 2977 1294 3038 erant
1355 2978 1612 3057 propter
1673 2975 2159 3042 inbecillitatem
2233 2980 2536 3056 nostram,
2604 2978 2711 3061 qui
2776 2979 2852 3043 ab

562 3078 806 3143 unitate
870 3080 934 3143 in
999 3081 1373 3147 uarietatem
1437 3082 1602 3166 lapsi
1668 3102 1911 3150 sumus.
1988 3103 2172 3149 nemo
2239 3085 2404 3149 enim
2472 3104 2854 3168 quemquam
2893 3100 2945 3140 2⁵

564 3184 752 3268 erigit
798 3185 873 3249 ad
918 3184 1005 3261 id,
1054 3186 1118 3248 in
1169 3205 1290 3268 quo
1339 3187 1475 3270 ipse
1526 3191 1642 3268 est,
1692 3189 1816 3254 nisi
1882 3190 2273 3273 aliquantum
2343 3190 2419 3255 ad
2483 3190 2570 3269 id,
2618 3192 2682 3255 in
2730 3211 2854 3275 quo

564 3293 664 3354 est
723 3290 853 3368 ille,
902 3290 1261 3356 descendat.
1330 3291 1524 3358 habes
1582 3294 1946 3376 epistulam,
2006 3314 2127 3360 non
2188 3314 2348 3378 quae
2403 3300 2582 3361 tuam
2640 3315 2853 3362 curam

564 3396 639 3460 de
697 3396 814 3461 hac
868 3416 934 3463 re
990 3396 1241 3474 finierit,
1301 3399 1412 3463 sed
1459 3419 1619 3483 quae
1669 3402 2088 3485 cogitationes
2155 3404 2299 3466 tuas
2358 3406 2527 3468 certo
2585 3404 2855 3468 fortasse

562 3504 773 3585 aliquo
829 3503 1237 3570 fundamento
1295 3505 1709 3585 inchoauerit,
1759 3511 1834 3572 ut
1888 3511 2095 3573 cetera
2150 3508 2424 3593 ingenio,
2476 3510 2645 3592 quod
2699 3510 2857 3574 mihi

562 3609 974 3674 notissimum
1023 3613 1141 3689 est,
1189 3614 1588 3696 persequaris
1650 3617 1715 3678 et
1767 3615 2024 3697 pietate,
2076 3615 2178 3679 cui
2234 3615 2501 3680 maxime
2559 3615 2855 3681 standum
2894 3632 2948 3672 ⁸0
3037 3674 3054 3685 .

563 3716 679 3791 est,
731 3717 1157 3798 consequaris.

634 4045 669 4097 4
706 4043 1189 4113 improbandumue
1237 4045 1352 4100 VU
1382 4047 1500 4100 edd.
1677 4050 1778 4112 est,
1815 4048 1879 4101 in
1912 4064 2083 4118 marq.
2123 4066 2189 4103 m.
2230 4053 2270 4103 2
2308 4050 2381 4103 sit
2426 4050 2480 4103 U
2633 4050 2665 4101 6
2702 4054 2765 4103 ut
2804 4054 2858 4103 et

563 4130 657 4200 sit]
704 4134 766 4185 ut
811 4132 883 4186 sit
933 4132 988 4187 U
1161 4134 1194 4188 8
1244 4136 1387 4195 sunt,
1437 4150 1576 4188 corr.
1614 4152 1681 4189 m.
1720 4140 1751 4189 1
1787 4135 1900 4189 sint
1941 4138 1994 4190 P
2171 4139 2237 4191 lo
2278 4139 2414 4207 erat]
2464 4141 2547 4190 est
2590 4137 2704 4192 VU
2734 4138 2853 4193 edd.

564 4220 624 4273 11
662 4236 820 4288 quem
849 4221 902 4273 P
1008 4221 1154 4291 num]
1195 4239 1303 4275 non
1351 4222 1463 4275 VU
1493 4224 1613 4277 edd.
1760 4224 1839 4294 id]
1876 4225 1934 4278 in
1971 4224 2030 4279 id
2068 4226 2121 4279 P
2224 4227 2292 4280 25
2332 4226 2390 4278 in
2429 4227 2700 4279 uarietate
2739 4227 2791 4278 P
