3392 4917
603 322 690 385 34
1314 318 1365 372 S.
1423 317 1700 371 Aureli
1757 318 2184 387 Augustini

601 513 872 577 nimium
927 512 1253 597 quaesisse
1309 512 1631 577 hominem
1690 515 2017 595 aequalem
2077 517 2161 589 et,
2220 533 2365 578 cum
2430 513 2690 579 minime
2756 534 2893 597 rep-

600 621 898 703 perisseS‚
957 638 1157 702 usque
1222 619 1286 683 in
1353 620 1492 684 eius
1556 620 1826 683 formam
1881 622 2160 684 nostram
2228 620 2568 703 epistulam
2634 621 2894 686 tendere

601 727 907 792 uoluisse.
951 745 1142 813 quare
1192 745 1337 791 cum
1384 726 1446 790 in
1487 726 1671 790 terris
1714 745 1962 808 quoque
1999 727 2126 790 tale
2166 725 2406 808 aliquid
2445 726 2691 805 existat,
2732 727 2891 791 nihil

604 834 679 897 de
718 834 889 898 caelo
925 836 1081 914 puto
1122 852 1263 898 esse
1301 832 1676 897 mirandum.
1719 834 1775 897 si
1813 835 2024 897 autem
2063 835 2126 897 te
2164 835 2403 911 mouet,
2445 833 2613 915 quod
2647 837 2895 915 praeter

604 942 802 1005 solem
870 939 1110 1004 nullius
1176 939 1400 1004 sidem‘s
1464 941 1677 1004 lumen
1745 940 1973 1021 implet
2027 940 2217 1018 diem,
2285 940 2448 1021 quis,
2507 959 2742 1022 quaeso
2807 943 2890 1016 te,
2955 962 2981 1003 5

601 1047 966 1112 hominibus
1030 1047 1249 1110 tantus
1314 1045 1606 1128 apparuit
1671 1052 1945 1128 quantus
2010 1047 2199 1110 homo
2273 1046 2404 1124 ille,
2473 1065 2660 1127 quem
2737 1045 2892 1111 deus

603 1153 887 1237 suscepit
940 1154 1129 1236 longe
1187 1152 1372 1216 aliter
1425 1170 1617 1232 quam
1676 1159 1919 1217 ceteros
1976 1156 2229 1218 sanctos
2286 1155 2475 1236 atque
2523 1153 2892 1236 sapientes}>

604 1281 791 1345 quem
841 1260 896 1324 si
945 1279 1089 1325 cum
1148 1259 1289 1324 aliis
1337 1259 1703 1325 hominibus
1760 1260 2066 1335 conferas,
2117 1258 2350 1323 maiore
2402 1258 2704 1323 distantia
2751 1278 2892 1324 con-

603 1370 885 1433 tinentur
967 1385 1152 1449 quam
1233 1365 1586 1431 conlatione
1662 1367 1817 1430 solis
1893 1368 2101 1431 cetera
2176 1365 2399 1430 sidera.
2477 1385 2664 1448 quam
2740 1385 2891 1431 sane

604 1473 1089 1540 similitudinem
1138 1472 1477 1557 diligenter
1520 1472 1787 1537 intuere.
1835 1472 1967 1536 fieri
2016 1471 2180 1537 enim
2226 1473 2443 1553 potest
2488 1475 2722 1550 mente,
2770 1491 2894 1554 qua
2931 1496 2983 1533 10

604 1581 882 1657 excellis,
946 1583 1021 1645 ut
1084 1579 1396 1662 quandam
1463 1580 1900 1662 quaestionem
1968 1579 2042 1643 de
2107 1579 2361 1643 homine
2428 1577 2679 1644 Christo
2737 1598 2774 1643 a
2828 1582 2890 1642 te

603 1686 989 1770 propositam
1036 1687 1437 1750 transeuntes
1487 1684 1992 1750 dissoluerimus.

694 1792 855 1856 Item
897 1791 1166 1874 quaeris,
1206 1794 1421 1855 utrum
1460 1810 1713 1855 summa
1748 1791 1861 1854 illa
1896 1790 2134 1855 ueritas
2174 1792 2239 1854 et
2274 1809 2526 1854 summa
2563 1790 2889 1872 sapientia,

604 1898 808 1964 forma
867 1917 1100 1975 rerum,
1156 1916 1270 1980 per
1324 1916 1512 1979 quam
1566 1897 1738 1962 facta
1793 1901 1946 1961 sunt
2003 1896 2234 1973 omnia,
2297 1916 2486 1979 quem
2539 1897 2743 1962 filium
2792 1896 2892 1962 dei

605 2003 868 2068 unicum
916 2021 1094 2068 sacra
1138 2006 1352 2068 nostra
1387 2003 1783 2085 profitentur,
1822 2003 2195 2086 generaliter
2240 2002 2535 2080 hominis,
2574 2023 2650 2067 an
2700 2002 2890 2067 etiam
2930 2020 2982 2058 ιο

606 2110 1112 2192 uniuscuiusque
1178 2114 1463 2175 nostrum
1520 2110 1831 2174 rationem
1891 2110 2229 2175 contineat.
2294 2128 2525 2194 magna
2582 2110 2890 2193 quaestio.

606 2198 718 2281 sed
754 2216 911 2281 mihi
947 2216 1218 2291 uidetur,
1251 2216 1421 2299 quod
1460 2216 1538 2280 ad
1575 2216 1894 2281 hominem
1930 2216 2288 2280 faciendum
2327 2217 2590 2294 adtinet,
2618 2215 2891 2282 hominis

608 2324 861 2407 quidem
897 2327 1170 2400 tantum,
1209 2342 1331 2388 non
1371 2341 1577 2387 meam
1626 2325 1726 2387 ue]
1776 2326 1953 2387 tuam
2001 2323 2094 2387 ibi
2139 2342 2282 2388 esse
2328 2323 2675 2399 rationem;
2725 2323 2895 2406 quod

607 2433 817 2494 autem
885 2428 961 2493 ad
1027 2430 1240 2494 orbem
1303 2429 1630 2510 temporis,
1689 2428 1900 2493 uarias
1957 2428 2284 2494 hominum
2340 2428 2617 2493 rationes
2672 2429 2737 2494 in
2782 2428 2896 2494 illa

607 2536 971 2601 sinceritate
1038 2535 1274 2600 uiuere.
1342 2554 1561 2599 uerum
1627 2535 1750 2600 hoc
1816 2554 1957 2600 cum
2018 2536 2545 2600 obscurissimum
2610 2535 2714 2612 sit,
2772 2554 2897 2619 qua
2932 2554 2986 2593 20

607 2642 1026 2707 similitudine
1072 2642 1399 2705 inlustrari
1444 2641 1671 2723 possit,
1718 2642 1960 2725 ignoro,
2009 2642 2131 2706 nisi
2177 2642 2340 2708 forte
2388 2643 2466 2706 ad
2514 2647 2679 2707 artes
2725 2642 2894 2718 illas,

608 2769 767 2832 quae
804 2750 1025 2814 insunt
1061 2748 1270 2813 animo
1310 2751 1549 2826 nostro,
1582 2747 2078 2829 confugiendum
2118 2751 2236 2813 est.
2275 2769 2418 2813 nam
2458 2749 2522 2814 in
2563 2748 2897 2831 disciplina

606 2855 914 2920 metiendi
968 2874 1095 2918 una
1152 2858 1251 2919 est
1305 2855 1523 2938 anguli
1568 2855 1750 2930 ratio,
1799 2874 1925 2918 una
1971 2855 2279 2937 quadrati.
2329 2856 2545 2938 itaque
2603 2855 2894 2937 quotiens

608 2962 1036 3027 demonstrare
1103 2964 1408 3045 angulum
1473 2962 1643 3039 uolo,
1702 2980 1824 3026 non
1880 2961 2004 3026 nisi
2059 2981 2185 3025 una
2238 2961 2398 3026 ratio
2467 2962 2683 3045 anguli
2737 2961 2895 3026 mihi

607 3273 699 3310 sex
744 3255 797 3309 V
839 3272 997 3325 quam
1047 3270 1185 3324 quae
1232 3270 1322 3307 sex
1369 3253 1423 3306 U
1456 3253 1475 3306 l
1491 3270 1523 3306 r
1570 3270 1897 3322 quamquam
1945 3270 2036 3307 sex
2074 3255 2212 3321 aes
2252 3270 2410 3322 quam
2462 3254 2554 3322 qui
2594 3258 2679 3308 est
2716 3271 2806 3309 sex
2846 3272 2895 3308 m

678 3344 1030 3414 longissimiS,
1086 3359 1221 3397 corr.
1260 3359 1328 3396 m.
1366 3346 1398 3395 1
1433 3342 1787 3413 longissimus
1824 3342 1877 3396 L
1913 3342 2280 3411 longissimus,
2318 3358 2430 3396 ras.
2472 3343 2808 3412 longissimis
2845 3344 2898 3397 P

631 3433 943 3503 ongissimis
982 3431 1180 3486 P¹VU
1212 3433 1279 3486 lr
1315 3432 1637 3502 longissima
1676 3433 1814 3499 aes

683 3525 707 3576 1
749 3522 1022 3574 hominem
1059 3521 1285 3574 nimium
1326 3521 1566 3591 quesisse
1604 3520 1680 3573 Ρ1
1814 3519 1848 3572 3
1888 3520 2094 3589 aliquid
2129 3520 2241 3575 tale
2282 3521 2418 3574 lrm
2563 3522 2595 3574 6
2635 3522 2891 3590 quantus]

610 3619 716 3681 qua
751 3612 806 3667 R
846 3629 882 3665 a
1047 3610 1141 3665 ille
1178 3610 1340 3664 homo
1379 3609 1453 3661 P¹
1493 3610 1631 3663 lrm
1741 3610 1771 3663 7
1813 3610 2074 3679 suscepit]
2116 3611 2411 3679 assumpsit
2456 3610 2510 3664 U
2611 3610 2643 3664 8
2682 3612 2896 3681 sapien—

606 3700 754 3753 tibus
789 3699 902 3753 VU
930 3716 984 3753 m
1126 3699 1317 3752 maiori
1349 3698 1586 3753 PIAVU
1620 3699 1759 3751 lrm
1905 3699 2211 3752 continetur
2237 3698 2293 3754 R
2332 3701 2467 3767 aef
2477 3716 2528 3752 m
2677 3700 2737 3753 11
2781 3716 2812 3753 3
2840 3701 2897 3752 te

609 3789 888 3859 proposita
931 3787 1038 3841 LP
1082 3787 1151 3841 ad
1196 3786 1255 3841 id
1300 3788 1632 3856 propositam
1679 3787 1735 3843 R
1785 3788 1920 3855 aes
2094 3787 2159 3840 12
2208 3786 2626 3841 dissoluerenius
2663 3787 2826 3843 LPR
2861 3804 2897 3841 a

613 3879 679 3932 13
707 3894 948 3947 quaeres,
977 3893 1114 3932 corr.
1138 3876 1350 3946 quaeris
1370 3876 1424 3929 P
1529 3876 1766 3945 sapienti
1794 3875 1901 3929 LP
1933 3878 2118 3943 (super
2153 3876 2198 3928 ti
2228 3875 2357 3932 add.
2389 3893 2420 3929 a
2451 3878 2528 3942 et)
2607 3877 2674 3929 14
2701 3876 2896 3946 forma]

610 3971 667 4022 et
702 3968 877 4021 forma
904 3967 1103 4022 P¹VU
1130 3967 1315 4036 firm
1457 3982 1556 4036 per
1591 3981 1750 4034 quem
1778 3965 1870 4018 lm
1997 3981 2174 4034 quem,
2212 3980 2350 4018 corr.
2381 3980 2518 4034 quae
2550 3964 2603 4016 P
2704 3966 2768 4020 15
2798 3964 2896 4018 110-

608 4058 796 4120 mines,
837 4072 972 4111 corr.
1012 4056 1249 4109 hominis
1287 4055 1342 4107 P
1415 4056 1482 4108 18
1518 4070 1715 4118 meum,
1756 4069 1893 4108 corr.
1931 4070 2001 4107 m.
2041 4058 2072 4107 1
2108 4070 2280 4107 meam
2328 4052 2382 4107 U
2514 4053 2620 4106 *ibi
2662 4053 2717 4120 (b
2759 4069 2895 4108 coma

609 4162 675 4200 ex
709 4146 767 4213 11)
808 4145 863 4197 P
992 4145 1060 4199 20
1099 4161 1219 4199 011111
1255 4145 1356 4199 1100
1395 4143 1471 4196 P²
1577 4144 1648 4197 23
1687 4144 1964 4213 angulum,
2004 4159 2139 4199 corr.
2181 4142 2367 4213 anguli
2407 4141 2459 4193 P
2569 4143 2638 4196 24
2675 4143 2894 4212 angulo,

609 4251 745 4289 corr.
785 4234 1045 4304 angulum
1084 4233 1136 4285 P
