3392 4917
1240 361 1772 430 epistularum
1825 360 1921 415 XI.
1978 360 2101 415 XII.
2730 370 2815 431 29

1597 557 1742 622 XII.

1232 677 1588 733 NEBRIDIO
1627 677 2104 734 AUGUSTINUS.

611 789 838 852 Plures
889 787 1200 870 epistulas
1247 790 1312 851 te
1371 787 1599 852 scribis
1656 786 1935 864 misisse,
1994 808 2185 870 quam
2242 788 2638 870 accepimus3
2700 789 2813 854 sed

522 913 727 977 neque
773 894 893 957 tibi
936 913 1201 975 possum
1251 913 1375 958 non
1425 893 1676 958 credere
1724 912 1931 975 neque
1973 894 2134 957 mihi
2179 897 2272 960 tu.
2338 895 2597 959 tametsi
2644 896 2810 959 enim

462 1024 486 1061 ⁵
522 1001 922 1066 rescribendo
969 1021 1083 1082 par
1129 1019 1268 1065 esse
1315 1019 1440 1064 non
1489 1001 1693 1077 ualeo‚
1733 1003 1948 1065 tamen
1986 1020 2110 1065 non
2157 1002 2397 1065 minore
2443 1020 2481 1064 a
2524 1020 2627 1065 me
2675 1001 2813 1065 dili-

522 1108 740 1186 gentia
804 1110 1143 1172 seruantur
1204 1108 1453 1171 litterae
1518 1109 1689 1184 tuae,
1760 1126 1944 1189 quam
2010 1107 2489 1189 frequentantur
2549 1108 2662 1172 abs
2727 1111 2812 1173 te.

522 1214 890 1296 prolixiores
947 1219 1164 1279 autem
1220 1217 1470 1278 nostras
1528 1232 1653 1278 non
1708 1217 1773 1277 te
1830 1214 2107 1297 amplius
2166 1233 2356 1297 (1113111
2409 1213 2590 1278 binas
2639 1233 2812 1279 acce-

522 1321 697 1402 pisse
766 1321 1065 1385 conuenit
1127 1319 1294 1384 inter
1355 1339 1512 1396 nos;
1589 1339 1714 1384 non
1773 1320 1940 1384 enim
1995 1321 2289 1385 misimus
2345 1321 2587 1385 tertias·
2664 1339 2812 1385 sane

518 1427 870 1511 recognitis
929 1428 1391 1510 exemplaribus
1449 1427 1871 1491 animaduerti
1926 1427 2206 1510 quinque
2260 1427 2389 1492 fere
2445 1428 2578 1491 tuis
2633 1445 2810 1510 roga-

434 1557 484 1594 ιο
520 1533 804 1598 tionibus
863 1553 1004 1598 esse
1059 1552 1456 1615 responsum,
1523 1532 1648 1597 nisi
1705 1533 1876 1616 quod
1930 1553 2060 1598 11113
2120 1534 2210 1597 1111
2273 1533 2561 1617 quaestio
2629 1532 2811 1615 quasi

522 1641 926 1704 transeunter
986 1638 1344 1721 perstricta,
1413 1658 1799 1722 quamquam
1872 1659 1995 1704 non
2072 1643 2307 1703 temere
2377 1639 2631 1723 ingenio
2694 1647 2808 1703 tuo

523 1746 865 1812 commissa
929 1748 1033 1825 sit,
1099 1767 1224 1812 non
1287 1750 1502 1812 tamen
1567 1747 1841 1811 fortasse
1907 1746 2221 1812 satisfecit
2286 1746 2586 1810 auaritiae
2639 1749 2808 1810 tuae.

522 1873 710 1935 quam
776 1854 1052 1918 refrenes
1121 1854 1515 1935 aliquantum
1573 1872 1733 1935 opus
1792 1855 1892 1917 est
1946 1856 2010 1916 et
2071 1853 2376 1917 nonnulla
2440 1852 2810 1936 compendia

518 1960 792 2024 libenter
834 1960 1021 2037 feras,
1060 1959 1152 2023 ita
1188 1961 1375 2042 plane
1412 1961 1504 2036 ut,
1546 1959 1602 2022 si
1644 1959 1985 2041 quicquam
2021 1957 2244 2022 fraudo
2282 1959 2806 2044 intellegentiam,

429 2088 479 2127 15
522 2067 671 2130 dum
720 2087 864 2130 sum
909 2085 1139 2148 parcus
1185 2066 1251 2128 in
1298 2066 1531 2144 uerbis,
1591 2065 1751 2129 nihil
1805 2084 2028 2146 parcas
2082 2065 2280 2141 mihi;
2349 2065 2463 2129 sed
2518 2068 2593 2130 tu
2648 2067 2808 2145 iure,

524 2193 647 2256 quo
704 2162 863 2237 mihi
917 2172 1240 2236 ualentius
1298 2179 1471 2236 esset
1524 2173 1686 2235 forte
1746 2172 2007 2254 aliquid,
2075 2173 2129 2236 si
2189 2172 2529 2254 quicquam
2590 2177 2813 2256 posset

518 2298 658 2344 esse
713 2278 1081 2356 iucundiu8‚
1127 2282 1359 2356 totum,
1411 2279 1579 2361 quod
1637 2279 1923 2358 debetur,
1982 2278 2315 2362 efflagites.
2390 2279 2552 2343 hanc
2606 2280 2807 2363 igitur

519 2386 860 2468 epistulam
933 2385 1295 2450 numerabis
1369 2385 1536 2449 inter
1605 2385 1885 2450 minores
1961 2385 2270 2467 epistulas
2343 2404 2539 2462 meas,
2617 2405 2805 2468 quam

514 2494 633 2557 tibi
680 2497 723 2576 †
768 2513 890 2558 non
939 2494 1063 2557 sibi
1107 2493 1269 2557 nihil
1325 2493 1481 2557 mihi
1538 2493 1614 2557 de
1670 2512 1898 2557 aceruo
1954 2492 2257 2557 minuere.
2333 2511 2458 2555 non
2515 2492 2682 2555 enim
2740 2495 2804 2556 et

424 2622 476 2660 20
512 2604 586 2664 tu
632 2600 838 2664 mittis
885 2602 1184 2680 minores,
1224 2619 1385 2683 quae
1432 2620 1553 2665 non
1603 2601 1875 2664 eundem
1925 2619 2220 2664 aceruum
2267 2601 2561 2682 augeant.
2612 2617 2802 2681 quare

510 2706 694 2784 illud,
746 2706 913 2790 quod
963 2706 1038 2770 de
1085 2706 1217 2770 filio
1268 2706 1371 2770 dei
1426 2706 1701 2788 quae1·iS‚
1761 2725 1873 2769 cur
1925 2706 2062 2789 ipse
2119 2704 2335 2788 potius
2394 2704 2641 2768 dicatur
2691 2705 2802 2769 ho-

510 2813 746 2877 minem
787 2813 1148 2895 suscepisse
1188 2832 1378 2894 quam
1414 2817 1612 2895 pater,
1644 2832 1790 2877 cum
1830 2812 2026 2876 simul
2060 2816 2328 2895 uterque
2368 2813 2472 2889 sit,
2507 2811 2800 2876 dinosces

510 2920 832 2997 facillime,
884 2920 938 2983 si
987 2919 1589 2984 sermocinationum
1637 2922 2020 2997 nostrarum,
2069 2918 2322 3001 quibus,
2360 2921 2435 2981 ut
2468 2919 2800 3000 potuimus

508 3061 596 3072 —
624 3044 765 3089 nam
813 3025 1132 3089 ineffabile
1182 3024 1483 3107 quiddam
1533 3028 1632 3088 est
1666 3063 1754 3071 —
1787 3071 2162 3089 ..........
2195 3024 2303 3107 (1111
2342 3024 2428 3088 sit
2465 3024 2566 3088 dei
2602 3024 2796 3103 filius,
2858 3019 2862 3023 ’

420 3151 474 3190 25
512 3151 633 3215 quo
702 3132 1024 3197 coniuncti
1090 3132 1313 3210 simus,
1378 3131 1748 3197 recorderis,
1830 3132 1998 3213 quod
2053 3135 2127 3195 ut
2191 3130 2295 3195 hic
2359 3131 2639 3196 breuiter
2694 3131 2799 3196 ad-

509 3239 775 3322 tingam,
845 3239 1183 3321 disciplina
1246 3238 1389 3321 ipsa
1453 3240 1516 3301 et
1578 3239 1783 3302 forma
1837 3237 1959 3316 dei,
2014 3258 2127 3320 per
2183 3257 2372 3320 quam
2426 3238 2595 3302 facta
2649 3241 2799 3302 sunt

513 3344 741 3421 omnia,
800 3364 959 3427 quae
1015 3345 1187 3408 facta
1254 3346 1424 3420 sunt,
1490 3343 1661 3407 filius
1724 3346 2144 3425 nuncupatur.
2221 3343 2526 3426 quicquid
2583 3347 2798 3408 autem

507 3470 619 3532 per
686 3454 1058 3534 susceptum
1121 3451 1304 3514 illum
1369 3449 1693 3514 hominem
1753 3452 2012 3532 gestum
2067 3452 2186 3528 est,
2245 3449 2322 3512 ad
2378 3449 2794 3515 eruditionem

513 3554 1155 3639 informationemque
1196 3558 1477 3621 nostram
1527 3556 1782 3640 gestum
1831 3558 1949 3620 est.

685 3714 841 3768 Idem
880 3715 1102 3782 codices,
1140 3716 1236 3783 qui
1269 3716 1331 3768 in
1367 3732 1446 3784 ep.
1484 3715 1596 3768 XI.

575 3821 610 3873 4
646 3824 798 3873 tuam
839 3821 943 3875 etsi
978 3823 1033 3874 P
1067 3824 1129 3874 tu
1168 3820 1273 3875 etsi
1310 3821 1422 3877 VU
1451 3821 1602 3887 edd.,·
1627 3819 1824 3887 scripsi
1859 3822 1923 3872 tu
1950 3818 2174 3872 tametsi
2273 3817 2307 3870 5
2335 3818 2639 3881 scribendo,
2661 3835 2731 3872 m.
2765 3824 2794 3870 1

504 3925 640 3963 corr.
678 3909 1023 3964 rescribendo
1062 3909 1115 3961 P
1291 3911 1468 3963 minor
1514 3927 1577 3963 ea
1613 3925 1699 3962 me
1735 3908 1789 3959 P
1935 3907 1997 3960 11
2036 3908 2357 3960 transeunte
2395 3906 2448 3958 P
2588 3907 2654 3960 13
2694 3906 2791 3959 ali-

504 3999 825 4067 quantulum
873 3997 986 4052 VU
1015 3997 1134 4054 edd.
1274 4000 1336 4052 17
1377 4002 1432 4051 et
1466 3998 1682 4067 flagites
1720 3998 1774 4049 P
1899 3996 1969 4050 20
2008 3995 2257 4050 acerbum
2296 3995 2346 4046 P
2476 3995 2543 4048 21
2585 3995 2795 4048 dicatur

505 4087 686 4155 potius
736 4086 790 4139 U
890 4087 963 4139 24
1001 4087 1116 4155 qui]
1155 4086 1283 4155 quid
1328 4087 1444 4141 VU
1473 4086 1622 4154 edd.,·
1659 4086 1921 4140 lacunam
1956 4083 2273 4154 siqnificaui
2368 4084 2438 4137 25
2466 4083 2791 4136 coniunctis-

503 4175 669 4227 simus
692 4174 848 4229 codd.
923 4174 991 4228 29
1022 4174 1206 4228 Vacat
1229 4176 1292 4227 in
1320 4174 1372 4227 V
1397 4178 1476 4229 67
1500 4175 1896 4229 uersiculorum
1926 4174 2187 4241 spatium,
2213 4172 2276 4224 in
2303 4171 2358 4224 U
2381 4169 2529 4242 3872
2554 4170 2791 4224 uersicu-

507 4264 717 4329 lorwm,·
752 4264 968 4318 ‘nullum
1005 4264 1120 4317 eius
1155 4263 1305 4316 modi
1339 4264 1582 4331 spatium
1616 4263 1865 4317 relictum
1902 4268 1981 4316 est
2015 4263 2077 4316 in
2114 4261 2166 4313 P
