3392 4917
407 659 439 719 1

451 1528 500 1565 10

451 2057 499 2098 15

1239 331 1769 402 epistularum
1825 329 1939 383 XV.
1995 329 2139 384 XVI.
2746 332 2828 396 37

1593 527 1764 591 XVI.

624 654 839 719 Auens
897 653 1112 718 crebro
1168 651 1298 716 tuis
1357 651 1652 715 affatibus
1708 649 2037 715 laetificari
2093 652 2157 714 et
2200 651 2511 716 instinctu
2558 653 2655 716 tui
2706 672 2830 717 ser-

535 762 764 838 monis,
798 759 968 843 quod
996 779 1098 822 me
1129 759 1321 841 paulo
1353 761 1493 822 ante
1526 757 1989 822 iucundissime
2021 758 2201 822 salua
2232 759 2492 823 caritate
2532 760 2827 843 pulsasti,

534 868 710 950 paria
754 866 1083 930 redhibere
1129 885 1252 930 non
1302 863 1540 942 destiti,
1589 884 1666 928 ne
1715 863 2043 929 silentium
2089 883 2305 928 meum
2359 866 2830 947 paenitudinem

538 975 951 1057 appellasses,
1002 972 1114 1037 sed
1161 989 1419 1053 quaese,
1466 975 1560 1047 ut,
1612 970 1667 1034 si
1722 970 1879 1035 haec
1937 971 2120 1053 quasi
2176 971 2406 1035 seniles
2466 974 2638 1036 artus
2689 992 2829 1037 esse

539 1081 810 1158 duxeris,
850 1078 1266 1162 benignarum
1305 1078 1552 1141 aurium
1589 1076 1991 1160 indulgentia
2025 1077 2447 1160 prosequaris.
2490 1076 2830 1161 Olympum

536 1189 818 1251 montem
882 1185 1144 1250 deorum
1211 1201 1353 1248 esse
1416 1183 1858 1248 habitaculum
1916 1184 2033 1247 sub
2090 1184 2329 1248 incerta
2382 1184 2505 1248 fide
2568 1184 2833 1250 Graecia

537 1293 874 1357 fabulatur.
943 1294 1008 1354 at
1070 1309 1222 1354 uero
1278 1293 1531 1354 nostrae
1586 1288 1764 1354 urbis
1819 1290 2028 1353 forum
2076 1290 2452 1354 salutarium
2499 1291 2828 1355 numinum

535 1398 896 1481 frequentia
948 1415 1321 1479 possessum
1377 1414 1494 1460 nos
1552 1396 1869 1460 cernimus
1918 1398 1983 1459 et
2035 1396 2397 1478 probamus,
2466 1400 2528 1461 et
2575 1397 2829 1480 quidem

536 1526 737 1570 unum
786 1524 928 1570 esse
977 1498 1165 1568 deum
1213 1522 1535 1566 summum
1583 1502 1718 1566 sine
1764 1502 1969 1579 initio,
2011 1502 2147 1567 sine
2183 1503 2358 1585 prole
2406 1506 2665 1568 naturae
2714 1524 2829 1568 ceu

536 1614 779 1694 patrem
844 1629 1144 1694 magnum
1210 1612 1398 1691 atque
1463 1607 1876 1692 magnificum
1943 1608 2084 1691 quis
2149 1611 2283 1672 tam
2349 1610 2630 1689 demens,
2694 1614 2828 1675 tam

536 1722 746 1784 mente
796 1721 1022 1801 captus
1069 1720 1262 1800 neget
1307 1736 1448 1782 esse
1498 1716 1978 1781 certissimum?
2025 1715 2218 1780 huius
2256 1735 2370 1780 nos
2409 1716 2681 1782 uirtutes
2718 1738 2832 1801 per

537 1826 926 1889 mundanum
956 1843 1115 1906 opus
1156 1823 1415 1888 diffusas
1453 1822 1678 1887 multis
1717 1822 2054 1887 uocabulis
2091 1822 2493 1900 inuocamuS,
2532 1824 2829 1906 quoniam

538 1950 765 1996 nomen
823 1931 960 1995 eius
1018 1930 1231 1994 cuncti
1285 1929 1612 2013 proprium
1666 1929 1974 1993 uidelicet
2027 1929 2413 2013 ignoramus,
2471 1950 2615 1994 nam
2672 1931 2828 1997 deus

539 2038 834 2104 omnibus
899 2036 1316 2120 religionibus
1385 2054 1719 2100 commune
1775 2053 2003 2099 nomen
2062 2039 2179 2099 est.
2237 2035 2330 2098 ita
2383 2035 2475 2112 fit,
2532 2039 2626 2115 ut,
2678 2038 2824 2101 dum

540 2144 676 2208 eius
734 2144 918 2227 quasi
974 2142 1283 2225 quaedam
1337 2142 1622 2205 membra
1679 2142 1948 2224 carptim
2003 2142 2197 2205 uariis
2254 2143 2830 2225 supplicationibus

535 2250 998 2334 prosequimur,
1046 2252 1257 2314 totum
1305 2250 1510 2313 colere
1556 2248 1839 2331 profecto
1887 2247 2238 2313 uideamur.

628 2356 751 2423 Sed
777 2356 1191 2438 inpatientem
1218 2375 1321 2419 me
1350 2374 1489 2420 esse
1519 2355 1679 2420 tanti
1710 2355 1934 2419 erroris
1965 2354 2364 2420 dissimulare
2389 2376 2511 2420 non
2539 2377 2825 2439 possum.

537 2463 678 2546 quis
745 2463 911 2526 enim
977 2463 1139 2527 ferat
1201 2462 1343 2527 Ioui
1406 2462 1676 2552 fulmina
1740 2461 2032 2528 uibranti.
2080 2462 2381 2544 praeferri
2445 2464 2826 2548 Migginem‚

712 2673 772 2725 E
822 2696 890 2717 =
930 2671 1046 2726 cod.
1085 2671 1624 2725 Ashburnhamcnsis
1665 2673 1742 2723 75
1777 2687 1819 2724 s.
1858 2671 2100 2726 IX—X.

710 2761 778 2813 H
820 2784 888 2806 =
927 2760 1041 2813 cod.
1082 2760 1388 2813 Palatinus
1424 2764 1526 2813 211
1561 2776 1603 2813 3.
1643 2762 1720 2813 X.

710 2849 785 2902 M
817 2872 884 2894 =
924 2848 1039 2902 cod.
1079 2848 1437 2902 Monacensis
1478 2852 1638 2902 6266
1671 2865 1718 2902 3.
1756 2851 1833 2902 X.

709 2939 765 2989 A
819 2961 887 2982 ε.-
926 2936 1042 2989 cod.
1082 2937 1701 3004 Audomaropolitanus
1741 2941 1831 3000 76,
1874 2943 1928 3004 8,
1971 2941 2007 2991 9
2040 2955 2082 2991 3.
2123 2938 2368 2991 X—XI.

708 3026 763 3078 P
815 3049 881 3070 =
921 3024 1038 3079 cod.
1078 3024 1377 3078 Parisinus
1410 3041 1546 3078 nou.
1585 3041 1700 3093 acq.
1742 3029 1899 3078 1444
1935 3042 1988 3092 s.
2018 3025 2128 3078 XI.

708 3113 764 3167 R
816 3138 884 3158 =
923 3113 1039 3166 cod.
1076 3113 1229 3165 Mus.
1270 3114 1414 3166 Brit.
1450 3113 1583 3182 Rey.
1629 3118 1663 3166 5
1700 3114 1760 3167 D
1807 3115 1898 3167 VI
1924 3131 1967 3168 3.
2007 3114 2321 3168 XI—XII.

601 3253 918 3323 Exemplum
945 3252 1209 3323 epistulae
1238 3253 1456 3306 maximi
1485 3254 1826 3322 grammatici
1854 3254 2228 3308 madaurensis
2259 3255 2328 3308 ad
2357 3258 2714 3326 augustinum
2741 3258 2802 3311 E
2807 3285 2826 3332 ‚-

530 3343 750 3396 maximi
788 3342 1126 3411 grammatici
1162 3340 1533 3394 madaurensis
1565 3340 1634 3394 ad
1660 3341 1976 3409 agustinum
2005 3341 2073 3394 H
2073 3362 2092 3409 ;
2118 3343 2312 3412 incipit
2342 3344 2579 3412 epistula
2606 3345 2825 3398 maximi

531 3430 873 3500 grammatici
909 3428 1279 3483 madaurensis
1319 3429 1388 3482 ad
1424 3431 1778 3499 augustinum
1806 3430 1988 3484 MAP
2023 3431 2170 3496 (mad
2210 3431 2342 3486 add.
2374 3449 2443 3488 m.
2470 3435 2565 3499 2);
2593 3433 2827 3502 epistula

532 3518 750 3571 maximi
788 3518 1160 3571 madaurensis
1198 3517 1268 3571 ad
1307 3519 1659 3587 augustinum
1694 3518 1775 3585 R‚·
1813 3519 2101 3587 inscriptio
2142 3521 2287 3574 deest
2320 3522 2383 3573 in
2420 3521 2576 3575 codd.
2617 3526 2668 3575 et
2703 3522 2824 3576 edd.

531 3608 564 3659 2
604 3605 768 3659 abens
797 3607 852 3659 P
883 3605 1090 3659 habens
1114 3605 1183 3659 H
1217 3606 1310 3674 (ha
1345 3606 1408 3659 in
1443 3623 1550 3660 ras.
1594 3624 1661 3662 m.
1699 3609 1940 3674 fortasse
1970 3611 2025 3674 3)
2054 3608 2235 3663 MAR
2265 3625 2349 3663 ae
2458 3609 2746 3663 affectibus
2769 3610 2826 3663 R

530 3705 618 3763 (m.
658 3702 687 3747 1
723 3711 899 3763 supra·
934 3695 960 3747 l
998 3694 1273 3763 affatibus)
1301 3694 1427 3747 MA
1535 3695 1795 3750 instincto
1838 3700 1927 3761 (m.
1963 3702 1994 3749 1
2031 3713 2167 3751 corr.
2207 3704 2264 3754 u)
2291 3699 2353 3751 E
2420 3699 2454 3751 3
2494 3715 2599 3766 quo
2637 3697 2824 3751 ΗΜΛ

533 3789 585 3850 (ο
625 3800 691 3837 ex
727 3785 887 3850 corr.)
925 3783 1032 3837 PR
1071 3783 1190 3837 cdd.
1316 3784 1543 3853 pulsati,
1581 3799 1718 3837 corr.
1758 3801 1825 3837 m.
1865 3790 1896 3837 1
1932 3785 2165 3853 pulsasti
2201 3786 2257 3838 P
2361 3787 2396 3838 4
2435 3785 2682 3839 redibere
2717 3786 2829 3839 ΕΡ

530 3874 578 3925 5·
591 3871 891 3942 appellares
920 3871 1039 3924 cdd.
1139 3871 1173 3923 6
1204 3870 1496 3941 olympium
1525 3873 1585 3926 E
1678 3874 1709 3925 7
1741 3879 1845 3941 gra
1870 3873 1997 3926 MA
2043 3882 2171 3942 grae
2198 3874 2253 3928 P
2362 3874 2394 3927 8
2424 3873 2742 3927 fabulantur
2773 3874 2827 3926 P

603 3965 677 4025 at,
716 3976 852 4014 corr.
890 3960 1007 4012 uid.
1049 3962 1104 4013 et
1139 3958 1207 4012 H
1320 3960 1351 4013 9
1392 3965 1448 4013 et
1474 3960 1715 4029 quidem]
1755 3960 2005 4030 equidem
2042 3960 2338 4017 HMAPR
2377 3962 2495 4018 cdd.
2622 3961 2688 4015 10
2728 3977 2824 4014 seu

530 4049 686 4102 codd.
730 4066 766 4100 a
896 4049 955 4101 11
1011 4047 1187 4116 adque
1225 4048 1293 4100 H
1409 4051 1475 4103 13
1527 4048 1669 4118 quod
1707 4049 1763 4103 R
1903 4050 1968 4102 16
2008 4053 2182 4119 carpti
2228 4050 2283 4103 in
2322 4051 2487 4103 uariis
2525 4050 2583 4103 P
2624 4050 2821 4119 captim

532 4138 697 4190 uariis
734 4136 796 4189 Η
833 4136 1149 4206 captiuariis
1185 4138 1246 4190 E
1404 4137 1470 4191 18
1510 4137 1868 4191 dissumulare
1898 4138 1953 4192 R
2123 4139 2186 4192 19
2235 4138 2363 4204 iobi,
2406 4155 2475 4195 m.
2526 4143 2564 4192 3
2605 4139 2718 4191 ioui
2763 4138 2830 4191 H

530 4224 850 4295 migiginem
895 4226 948 4277 A
1003 4227 1184 4294 ignem
1231 4225 1291 4278 E
1347 4225 1675 4294 Mygdonem
1717 4226 1836 4279 edd.
