3392 4917
610 330 690 394 78
1321 325 1373 385 S.
1431 325 1704 380 Aureli
1761 326 2195 397 Augustini

606 522 755 584 tuae
800 519 1068 585 unitatis
1117 519 1321 604 gratia
1365 519 1682 595 misimuS,
1722 519 1788 584 in
1837 539 1960 601 quo
2011 519 2198 584 etiam
2247 518 2554 584 trinitatis
2601 517 2892 582 soliditas

610 627 985 693 continetur.
1034 627 1204 691 hunc
1267 645 1495 710 panem
1560 625 1877 709 eulogiam
1945 644 2086 691 esse
2148 628 2220 689 tu
2284 626 2482 691 facies
2531 623 2894 709 dignatione

610 733 920 799 sumendi.

1656 925 1855 991 XXV.

726 1063 1019 1120 DOMINO
1059 1065 1327 1121 FRATRI
1362 1064 1709 1121 UNANIMO
1747 1066 1839 1120 ET
1879 1066 2322 1122 VENERABILI
2359 1064 2778 1122 AUGUSTINO
2954 1078 2983 1119 5

1046 1153 1412 1209 PAULINUS
1450 1154 1540 1209 ΕΤ
1579 1155 1942 1211 THERASIA
1980 1155 2460 1212 PECCATORES.

531 1290 564 1353 1
707 1280 1028 1346 Caritas
1079 1280 1415 1359 Christi,
1467 1300 1625 1364 quae
1673 1285 1914 1366 urget
1958 1302 2100 1349 nos
2149 1286 2213 1346 et
2260 1281 2555 1347 absentes
2600 1281 2757 1346 licet
2791 1298 2903 1362 per

615 1387 923 1452 unitatem
970 1387 1120 1452 fidei
1167 1389 1418 1473 alligat,
1463 1388 1605 1471 ipsa
1651 1387 1947 1453 fiduciam
2015 1390 2093 1453 ad
2156 1392 2223 1453 te
2289 1388 2602 1454 scribendi
2663 1385 2902 1470 pudore

618 1493 882 1574 depulso
947 1493 1269 1576 praestitit
1330 1497 1523 1577 teque
1597 1514 1711 1578 per
1781 1494 2026 1560 litteras
2099 1496 2246 1558 tuas
2318 1493 2671 1558 uisceribus
2743 1491 2902 1555 meis

617 1600 960 1676 intimauit,
1008 1619 1164 1682 quas
1213 1605 1279 1665 et
1325 1601 1401 1665 de
1450 1601 1849 1667 scholasticis
1886 1602 2301 1666 facultatibus
2341 1601 2686 1666 adfluentes
2726 1602 2791 1663 et
2827 1597 2903 1661 de
2945 1619 2999 1659 ιο

621 1706 1003 1772 caelestibus
1041 1707 1207 1772 fanis
1247 1708 1465 1774 dulces
1505 1711 1579 1774 ut
1616 1709 1858 1773 animae
1905 1728 2084 1774 meae
2130 1708 2410 1773 medicas
2450 1709 2516 1771 et
2551 1706 2804 1770 altrices
2840 1705 2903 1768 in

622 1813 899 1895 quinque
945 1814 1126 1879 libris
1174 1815 1427 1880 interim
1472 1819 1680 1893 tene0‚
1731 1835 1890 1898 quos
1937 1834 2201 1881 munere
2246 1814 2566 1879 benedicti
2615 1815 2679 1878 et
2721 1830 2908 1877 uene-

621 1918 841 1984 rabilis
888 1919 1068 1984 nobis
1119 1921 1400 2004 episcopi
1436 1923 1637 1987 nostri
1673 1921 1890 2006 Alypii
1926 1941 2051 1987 non
2087 1940 2198 2004 pro
2237 1923 2456 1985 nostra
2490 1918 2908 1984 instructione

622 2029 890 2104 tantum,
954 2026 1068 2090 sed
1133 2027 1324 2091 etiam
1387 2046 1497 2109 pro
1566 2029 1873 2093 ecclesiae
1933 2030 2281 2093 multarum
2325 2027 2582 2092 urbium
2627 2025 2908 2089 utilitate
3100 2105 3105 2109 ⁸

626 2132 1046 2215 suscepimus.
1094 2132 1210 2198 hos
1257 2134 1458 2217 igitur
1501 2154 1669 2200 nunc
1714 2134 1911 2200 libros
1959 2133 2219 2199 lectioni
2264 2133 2488 2209 habeo,
2535 2132 2599 2196 in
2658 2130 2758 2195 his
2805 2147 2909 2193 me
2949 2149 3003 2190 ιε»

627 2238 896 2318 oblecto,
947 2239 1023 2304 de
1088 2239 1187 2304 his
1259 2241 1471 2306 cibum
1537 2243 1715 2325 capio
1784 2262 1904 2307 non
1970 2242 2176 2318 illum,
2227 2240 2334 2322 qui
2397 2239 2584 2322 perit,
2632 2237 2746 2303 sed
2801 2236 2911 2320 qui

627 2348 920 2427 operatur
965 2346 1134 2410 uitae
1183 2350 1470 2413 aeternae
1517 2349 1941 2413 substantiam
2001 2366 2114 2430 per
2175 2346 2366 2411 fidem
2429 2334 2730 2422 nostram,
2789 2363 2911 2425 qua

628 2452 1115 2534 adcorporamur
1148 2452 1210 2516 in
1251 2451 1503 2519 Christo
1543 2455 1689 2520 Iesu
1730 2455 1984 2520 domino
2023 2456 2262 2529 nostr0‚
2304 2471 2447 2516 cum
2485 2450 2644 2516 fides
2674 2453 2909 2525 nostra,

581 2576 585 2580 *
629 2577 788 2642 quae
845 2558 1200 2623 uisibilium
1254 2562 1601 2644 neglegens
1654 2561 2090 2626 inuisibilibus
2145 2558 2373 2634 inhiat,
2421 2577 2533 2640 per
2584 2557 2911 2622 caritatem
2964 2597 2968 2601 -

812 2837 840 2888 7
880 2835 934 2889 11
976 2835 1094 2891 Cor.
1134 2837 1185 2900 5,
1228 2837 1293 2889 14
1404 2838 1470 2890 16
1508 2836 1624 2890 Ioh.
1663 2839 1714 2900 6,
1754 2838 1820 2890 27
1935 2838 1999 2891 19
2039 2837 2095 2891 11
2136 2835 2254 2892 Cor.
2293 2840 2343 2901 4,
2386 2838 2451 2891 18

703 2977 735 3030 2
777 2976 913 3047 esse]
952 2984 1008 3031 re
1048 2978 1103 3032 A

807 3119 869 3173 Ε
916 3143 984 3165 =
1024 3121 1139 3176 cod.
1187 3120 1682 3175 Chellenhamensis
1717 3125 1869 3174 2173
1905 3138 1946 3176 s.
1986 3124 2059 3175 X.

808 3206 884 3260 M
916 3232 984 3254 =
1024 3208 1140 3262 cod.
1179 3210 1536 3264 Monacensis
1584 3213 1742 3263 6266
1774 3226 1819 3266 s,
1860 3213 1931 3264 X.

809 3298 865 3349 A
920 3321 988 3342 =
1028 3297 1142 3353 cod.
1182 3297 1794 3367 Andomaropolitanus
1837 3304 1926 3363 76,
1969 3302 2022 3364 8,
2068 3302 2102 3352 9
2137 3316 2181 3354 s.
2220 3300 2463 3357 X—XI.

817 3382 864 3437 0
914 3408 981 3430 =
1023 3385 1138 3438 cod.
1183 3385 1498 3440 Casinensis
1532 3384 1661 3439 16¹⁹
1696 3402 1740 3439 s.
1778 3388 1889 3440 XI.

813 3474 868 3526 P
921 3497 989 3518 =
1029 3474 1146 3528 cod.
1185 3474 1487 3528 Parisinus
1531 3477 1646 3528 989
1680 3491 1719 3528 s.
1762 3475 1874 3528 XI.

811 3561 887 3615 Ρ1
914 3586 982 3608 =
1023 3562 1137 3617 cod.
1177 3562 1480 3616 Parisinus
1513 3579 1643 3617 nou.
1683 3580 1799 3631 aeq.
1839 3567 1993 3616 1444
2028 3580 2070 3617 s,
2112 3564 2227 3617 XI.

812 3651 868 3706 R
922 3675 989 3696 =
1029 3651 1145 3705 cod.
1185 3651 1333 3705 Mus.
1371 3651 1517 3705 Brit.
1558 3652 1687 3720 Rey.
1736 3655 1771 3704 5
1805 3652 1865 3705 D
1910 3652 2002 3705 VI
2030 3668 2072 3706 s.
2113 3652 2427 3707 XI—XII.

710 3739 975 3806 (Paulini
1009 3739 1142 3794 Nol.
1181 3755 1350 3807 opera
1389 3739 1470 3792 ed.
1506 3739 1804 3794 Hartelius
1839 3742 1882 3794 I
1902 3757 1963 3809 p.
2004 3746 2267 3809 18—24.)

708 3872 743 3926 5
788 3871 934 3935 frati,
983 3888 1118 3925 corr.
1170 3875 1259 3937 (m.
1297 3869 1397 3937 1?)
1446 3871 1601 3926 fratri
1637 3873 1694 3926 P
1905 3875 2181 3929 unianimo
2227 3876 2339 3928 AP
2480 3876 2513 3929 6
2558 3875 2830 3929 thearasia
2865 3875 2921 3928 A

638 3960 671 4014 8
707 3960 904 4014 fidutia
939 3960 998 4013 Ε
1138 3959 1208 4012 ad
1244 3962 1322 4029 te]
1366 3977 1397 4013 a
1435 3960 1522 4014 die
1566 3960 1614 4014 0
1646 3960 1716 4014 ad
1757 3965 1880 4027 (om.
1920 3967 1996 4027 te)
2036 3964 2091 4017 A
2201 3965 2262 4017 11
2307 3963 2480 4017 dulcis
2523 3964 2570 4019 0
2684 3964 2921 4018 medicas

640 4050 716 4118 et]
753 4049 1112 4130 medicasset-
1114 4049 1190 4102 M
1226 4052 1312 4113 (m.
1353 4052 1393 4103 2
1429 4047 1812 4114 medicassent)
1848 4052 1902 4102 A
2086 4053 2151 4106 13
2189 4052 2347 4105 nobis
2385 4069 2485 4108 om.
2524 4054 2585 4107 Ε
2744 4053 2922 4123 coepi·

639 4138 788 4207 scopi
825 4138 879 4191 A
1022 4137 1189 4207 alypii
1232 4138 1279 4191 G
1424 4138 1486 4191 15
1525 4138 1579 4191 in
1616 4138 1851 4193 lectione
1889 4139 1943 4191 P
2084 4157 2169 4194 me
2208 4141 2450 4194 oblector
2485 4144 2539 4195 A
2686 4143 2753 4196 19
2790 4141 2922 4196 uisi-

639 4224 773 4280 bilia
808 4226 863 4279 A
1005 4225 1317 4280 inuisilibus
1353 4226 1409 4280 P
