3392 4917
613 341 738 405 100
1309 332 1360 395 S.
1418 339 1692 395 Aureli
1750 340 2186 411 Augustini

606 553 728 600 non
795 540 858 599 te
922 533 1014 599 ita
1076 533 1339 617 rapiant,
1407 553 1567 617 quae
1631 553 1745 619 per
1806 537 2086 600 nostram
2151 536 2588 603 infirmitatem
2654 539 2894 604 ueritas

602 641 906 726 loquitur,
954 643 1028 706 ut
1074 660 1165 721 ea,
1216 659 1375 724 quae
1422 641 1562 725 ipse
1607 642 1853 724 loquor,
1902 641 2113 707 minus
2171 641 2510 728 diligenter
2574 645 2892 724 aduertas,
2970 635 2980 644 ’

604 767 701 826 ne,
771 748 921 814 dum
987 747 1217 813 auidus
1281 747 1498 813 hauris
1560 748 1727 813 bona
1792 750 1856 812 et
1916 750 2108 828 recta,
2159 767 2319 833 quae
2387 749 2534 814 data
2579 751 2895 830 ministro,

605 875 726 922 non
777 874 915 921 ores
962 874 1073 939 pro
1121 854 1403 937 peccatis
1451 857 1517 919 et
1564 855 1806 933 erratiS,
1857 874 2016 937 quae
2069 854 2208 940 ipse
2258 857 2613 923 committo.
2674 858 2735 923 in
2794 859 2894 924 his

606 962 795 1041 enim,
846 981 1004 1047 quae
1068 961 1187 1026 tibi
1249 963 1443 1040 recte,
1512 959 1566 1025 si
1632 960 2007 1039 aduerteris,
2074 961 2523 1046 displicebunt,
2575 983 2690 1049 ego
2756 966 2894 1049 ipse

592 1068 980 1151 conspicior,
1044 1067 1109 1133 in
1174 1067 1273 1133 his
1349 1069 1585 1146 autem,
1656 1086 1818 1150 quae
1891 1088 2002 1151 per
2075 1067 2310 1134 donum
2375 1068 2658 1151 spiritus,
2726 1072 2896 1154 quod

608 1174 944 1259 accepisti,
1016 1178 1186 1240 recte
1250 1173 1368 1238 tibi
1433 1174 1690 1258 placent
1751 1174 1816 1239 in
1881 1174 2060 1240 libris
2125 1176 2313 1254 meis,
2388 1176 2499 1241 ille
2565 1177 2893 1255 amanduS,

604 1282 715 1347 ille
778 1280 1238 1365 praedicandus
1308 1282 1425 1359 est,
1476 1279 1684 1364 apud
1754 1298 1944 1363 quem
2010 1282 2135 1346 est
2196 1278 2376 1347 fons
2433 1282 2656 1348 uitae
2706 1284 2894 1349 etin

607 1388 790 1455 cuius
837 1388 1140 1455 lumine
1187 1387 1657 1454 uidebimus
1704 1389 1969 1453 lumen
2011 1388 2143 1453 sine
2184 1388 2542 1473 aenigmate
2582 1392 2646 1454 et
2680 1390 2894 1454 facie

607 1495 699 1563 ad
761 1492 1073 1573 faciem,
1139 1513 1344 1559 nunc
1412 1497 1626 1559 autem
1693 1493 1769 1558 in
1837 1494 2297 1579 aenigmate
2363 1495 2760 1562 uidemus.
2827 1496 2890 1560 in
2933 1523 2985 1562 ιο

607 1601 706 1668 his
756 1620 927 1687 ergo,
976 1619 1134 1684 quae
1179 1601 1318 1683 ipse
1367 1600 1442 1666 de
1490 1600 1764 1667 ueteri
1810 1602 2209 1668 fermento
2274 1602 2580 1680 eructaui,
2630 1621 2775 1667 cum
2824 1622 2897 1667 ea

604 1708 823 1793 legens
872 1726 1168 1792 agnosce,
1217 1726 1319 1772 me
1366 1707 1575 1773 iudico
1626 1726 1772 1773 cum
1820 1708 2061 1795 dolore3
2126 1708 2190 1772 in
2239 1708 2340 1774 his
2388 1728 2559 1786 uero,
2610 1728 2769 1792 quae
2818 1709 2894 1774 de

609 1833 880 1899 azymo
930 1813 1455 1879 sinceritatis
1505 1815 1582 1879 et
1627 1813 2023 1879 ueritatis
2091 1815 2251 1880 dono
2321 1815 2420 1881 dei
2486 1815 2630 1895 dixi,
2681 1817 2892 1881 exulto

609 1939 753 1986 cum
798 1923 1090 1987 tremore.
1141 1919 1294 2003 quid
1341 1919 1508 1986 enim
1555 1920 1888 1999 habemus,
1940 1920 2108 2004 quod
2164 1941 2287 1987 non
2353 1921 2764 2005 accepimus?
2831 1924 2896 1985 at

608 2026 777 2093 enim
823 2027 1047 2092 melior
1093 2030 1211 2105 est,
1263 2027 1370 2110 qui
1417 2025 1763 2092 maioribus
1812 2029 1878 2092 et
1922 2027 2214 2111 pluribus
2264 2046 2453 2111 quam
2521 2027 2629 2111 qui
2693 2027 2891 2092 mino·
2931 2056 2983 2096 ιε

605 2135 780 2199 ribus
848 2138 912 2200 et
974 2132 1378 2219 paucioribus
1456 2132 1636 2198 donis
1704 2132 1804 2197 dei
1871 2132 2053 2199 diues
2119 2135 2236 2199 est.
2305 2134 2447 2216 quis
2505 2136 2734 2218 negat?
2783 2133 2892 2198 sed

604 2258 825 2307 rursus
871 2239 1099 2304 melius
1148 2240 1249 2305 est
1294 2239 1400 2304 uel
1446 2238 1522 2303 de
1570 2257 1765 2322 paruo
1831 2237 1933 2303 dei
1999 2239 2159 2304 dono
2227 2239 2463 2324 gratias
2527 2238 2655 2322 ipsi
2711 2258 2893 2324 agere

608 2364 797 2429 quam
862 2345 986 2411 sibi
1051 2344 1153 2429 agi
1217 2345 1382 2409 uelle
1449 2343 1524 2409 de
1590 2364 1843 2429 magno.
1909 2345 2065 2410 haec
2122 2347 2197 2410 ut
2251 2365 2322 2410 ex
2380 2346 2584 2412 animo
2647 2364 2896 2427 semper

608 2450 907 2518 confitear
969 2469 1309 2533 meumque
1374 2469 1483 2516 cor
1528 2469 1564 2514 a
1607 2450 1829 2535 lingua
1873 2470 2017 2516 mea
2063 2470 2185 2516 non
2256 2452 2559 2530 dissonet,
2611 2470 2717 2517 ora
2782 2471 2891 2535 pro

606 2576 731 2638 me,
771 2558 991 2633 frater3
1041 2577 1169 2635 ora,
1220 2558 1502 2637 obsecro,
1540 2559 1616 2621 ut
1661 2576 1785 2622 non
1822 2557 2069 2622 laudari
2107 2559 2351 2636 uolens,
2394 2557 2506 2624 sed
2550 2559 2891 2623 laudans
2929 2586 2985 2628 20

607 2664 898 2731 inuocem
950 2663 1376 2741 dominum,
1426 2667 1505 2729 et
1550 2664 1639 2729 ab
1700 2663 2064 2728 inimicis
2125 2664 2325 2729 meis
2393 2665 2674 2730 saluus
2741 2685 2890 2730 ero.

521 2774 560 2839 5
695 2771 815 2835 Est
860 2770 1050 2835 etiam
1101 2770 1294 2850 aliud,
1346 2789 1467 2854 quo
1513 2769 1712 2834 istum
1760 2769 2018 2835 fratrem
2079 2771 2352 2853 amplius
2419 2771 2679 2856 diligas3
2747 2792 2893 2837 nam

610 2880 710 2943 est
755 2880 1062 2961 cognatus
1110 2876 1493 2942 uenerabilis
1543 2880 1606 2941 et
1651 2895 1800 2940 uere
1844 2876 2016 2941 beati
2074 2877 2359 2961 episcopi
2421 2878 2653 2962 Alypii,
2705 2898 2892 2963 quem

787 3067 820 3123 8
866 3067 955 3122 Ρει.
1001 3066 1088 3129 35,
1140 3067 1206 3121 10
1386 3068 1419 3122 9
1465 3066 1492 3121 1
1539 3065 1660 3123 Cor.
1714 3068 1799 3133 13,
1849 3068 1915 3121 12
2099 3068 2163 3122 11
2212 3072 2268 3123 et
2317 3070 2382 3124 13
2428 3069 2456 3123 I
2503 3067 2623 3125 Cor.
2663 3070 2713 3133 ὅ,
2755 3069 2894 3124 7-8

613 3157 680 3211 14
715 3156 742 3211 1
780 3154 899 3213 Cor.
938 3158 988 3219 4,
1028 3156 1058 3209 7
1170 3155 1240 3210 20
1275 3156 1364 3210 ΡΒ.
1405 3157 1487 3221 17,
1524 3158 1559 3210 4

685 3271 708 3325 1
751 3271 993 3343 loquitur
1031 3271 1233 3325 ueritas
1261 3270 1336 3324 Ρι
1408 3272 1441 3325 2
1481 3271 1754 3326 adueritas
1784 3273 1824 3339 (i
1854 3271 1981 3341 del.)
2011 3272 2067 3328 Β
2137 3273 2172 3327 3
2210 3272 2424 3327 auidius
2451 3272 2507 3328 Β
2615 3273 2759 3326 auris
2789 3271 2901 3326 PE

681 3358 824 3413 bona
860 3362 918 3413 et
951 3360 1121 3429 recta]
1159 3358 1296 3413 beno
1333 3362 1569 3414 tractata
1595 3359 1671 3415 P¹
1763 3360 1908 3423 data,
1939 3377 2007 3414 m.
2039 3363 2080 3413 2
2108 3360 2236 3414 data
2273 3364 2401 3414 sunt
2434 3359 2483 3413 C'
2546 3362 2581 3414 4
2604 3360 2896 3430 peccatis„

613 3452 668 3503 et
705 3449 772 3519 (is
809 3465 951 3506 eras.
973 3448 1025 3515 ?)
1053 3449 1108 3503 A
1253 3448 1520 3503 erratibus
1542 3449 1598 3505 R
1700 3451 1733 3504 5
1772 3449 1931 3513 enim,
1969 3465 2037 3502 m.
2073 3454 2138 3501 ut
2162 3449 2279 3504 uid.
2308 3454 2340 3502 1
2362 3465 2537 3518 supra
2560 3449 2587 3501 1
2611 3452 2791 3503 autem
2822 3448 2895 3501 Ρ1

684 3554 820 3607 quae
856 3537 982 3609 tibi]
1025 3554 1163 3609 quae
1203 3555 1298 3609 per
1333 3537 1532 3592 donum
1569 3537 1674 3592 tibi
1716 3542 1833 3609 (per
1869 3537 2069 3591 donum
2106 3537 2235 3603 del.)
2274 3537 2350 3591 Ρι
2493 3537 2752 3592 anet-teris
2789 3537 2902 3591 PE

612 3626 644 3679 7
682 3624 966 3697 amandus]
1006 3625 1269 3680 amandus
1308 3628 1391 3680 est
1426 3627 1472 3679 G
1576 3626 1609 3680 9
1649 3628 1725 3695 et]
1764 3624 1859 3679 sed
1886 3625 2013 3681 Rm
2126 3624 2191 3678 10
2229 3624 2538 3678 uidebimus
2578 3624 2657 3695 (bi
2695 3626 2784 3680 del
2804 3628 2819 3675 ἰ
2854 3625 2902 3678 0

614 3715 675 3769 11
718 3732 846 3785 ergo
886 3715 1152 3784 quae—in
1189 3714 1276 3768 his
1314 3731 1417 3770 om.
1455 3716 1509 3769 A
1689 3718 1876 3768 uetere
1913 3713 1968 3767 P
2003 3718 2161 3781 (corr.
2201 3714 2395 3779 ueteri)
2434 3713 2511 3768 M
2682 3720 2896 3768 eructu-

611 3804 699 3859 aui
737 3803 945 3859 EMP2
1123 3805 1191 3858 12
1237 3803 1444 3858 indic-o
1490 3804 1530 3873 (i
1577 3802 1741 3871 eras.)
1776 3803 1852 3856 M
2028 3802 2096 3856 13
2142 3818 2373 3872 azymo&
2419 3819 2489 3856 m.
2527 3805 2569 3856 2
2604 3805 2806 3872 azymis
2842 3803 2902 3856 E

683 3892 845 3947 dilexi
883 3892 934 3945 A
1116 3909 1196 3955 ex,
1233 3909 1302 3946 m.
1342 3896 1384 3947 2
1415 3894 1480 3946 in
1525 3908 1696 3961 neam.
1748 3891 1879 3945 add.
1926 3891 2044 3944 ulto
2089 3890 2137 3944 C
2314 3892 2382 3943 14
2418 3890 2494 3961 at]
2533 3891 2601 3945 ad
2638 3892 2698 3945 E
2730 3896 2818 3954 (m.
2859 3894 2900 3944 2

613 3982 742 4037 add.
783 3982 868 4035 eoi
897 3982 970 4037 M
1004 3999 1093 4051 (m.
1133 3984 1174 4035 2
1211 3984 1289 4049 at)
1329 3981 1463 4035 adeo
1491 3980 1546 4034 A
1583 3978 1729 4051 apud
1758 3979 1915 4033 deum
1944 3979 2023 4034 Ρἱ
2045 3979 2165 4034 edd.
2184 3984 2411 4048 praeter
2432 3996 2486 4032 m
2585 3982 2649 4034 15
2676 3979 2898 4033 meliore

615 4071 705 4141 qui
742 4069 877 4125 1²³1?
988 4070 1052 4124 17
1091 4069 1196 4139 ipsi
1234 4068 1414 4137 agere]
1455 4084 1615 4137 agere
1654 4068 1758 4138 ipsi
1794 4068 1869 4121 Ρ1
1908 4084 2073 4139 agere
2099 4067 2155 4123 Β
2264 4068 2333 4121 18
2370 4066 2514 4120 uelle
2551 4067 2623 4131 (le
2658 4084 2702 4122 s.
2740 4074 2817 4120 u>
2848 4068 2903 4120 P

609 4160 676 4215 21
719 4162 832 4229 ero]
873 4159 996 4212 flam
1035 4157 1112 4211 1'1
1290 4157 1358 4211 23
1397 4157 1635 4228 episcopi
1673 4174 1775 4213 om.
1814 4158 1927 4212 PE
2126 4157 2367 4226 episcopi
2403 4156 2573 4229 alini
2616 4156 2664 4210 0
2694 4157 2901 4227 alyppii

613 4248 852 4321 episcopi
887 4248 961 4301 Ρι
2672 4264 2681 4271 ·
