3392 4917
1269 340 1799 409 epistularum
1853 342 2045 398 XXVI.
2700 349 2786 414 85

496 537 731 618 potest,
781 536 892 600 sed
958 536 1126 601 credi
1190 539 1400 602 tamen
1458 541 1524 602 et
1578 539 1816 621 sperari
1872 544 1936 605 et
1983 540 2179 604 amari
2223 543 2484 623 potest?
2530 541 2790 605 uincula

497 662 648 707 uero
713 643 908 708 huius
973 643 1196 708 mundi
1250 645 1658 727 asperitatem
1723 646 1962 711 habent
2022 667 2260 725 ueram,
2324 647 2788 712 iucunditatem

496 750 752 825 falsam3
812 752 1055 814 certum
1113 750 1414 829 dolorem,
1471 752 1781 817 incertam
1834 754 2264 835 uoluptatem3
2324 753 2550 818 durum
2611 753 2790 817 labo-

494 875 652 932 rem,
717 857 1009 920 timidam
1075 857 1382 940 quietem;
1447 878 1580 923 rem
1642 860 1894 942 plenam
1959 860 2273 940 miseriae,
2350 879 2527 943 spem
2590 858 2788 923 beati-

434 983 462 1024 ε
500 963 741 1028 tudinis
779 964 1049 1028 inanem.
1089 964 1273 1028 hisne
1312 968 1382 1029 tu
1420 964 1646 1030 inseris
1706 969 1771 1030 et
1827 967 2064 1032 collum
2105 969 2169 1030 et
2204 986 2431 1032 manus
2470 969 2534 1031 et
2569 966 2785 1047 pedes,

497 1089 643 1135 eum
692 1073 757 1134 et
800 1070 1149 1135 honoribus
1193 1069 1461 1136 huiusce
1507 1071 1682 1135 modi
1749 1073 2078 1156 subiugari
2143 1073 2424 1138 adfectas
2493 1076 2557 1137 et
2617 1072 2788 1136 faeta

496 1180 609 1241 tua
672 1197 794 1242 non
859 1177 1045 1241 aliter
1106 1177 1433 1243 fructuosa
1490 1178 1815 1243 existimas
1875 1182 1940 1244 et
1995 1181 2200 1244 ambis
2255 1180 2601 1257 inhaerere,
2662 1197 2783 1262 quo

495 1303 617 1349 non
664 1283 854 1349 modo
901 1284 1236 1360 inuitatus,
1286 1284 1401 1348 sed
1446 1304 1561 1349 nec
1611 1288 1982 1369 compulsus
2032 1287 2286 1369 quidem
2325 1288 2414 1351 ire
2464 1285 2785 1351 debuisti?

316 1382 359 1444 3
583 1388 707 1453 Hic
761 1390 835 1452 tu
890 1387 1158 1452 fortasse
1214 1388 1574 1453 Terentiani
1633 1391 1804 1454 serui
1858 1392 2018 1455 mihi
2071 1411 2449 1475 responsum
2506 1392 2782 1456 dederis:

407 1516 459 1558 ιο
765 1493 929 1559 Ohe!
978 1498 1050 1558 tu
1096 1493 1290 1557 uerba
1333 1493 1547 1559 fundis
1593 1495 1719 1573 hie,
1770 1496 2122 1578 sapientia?

496 1623 647 1686 cape
710 1602 929 1687 igitur,
994 1604 1067 1665 ut
1129 1601 1389 1665 fundam
1451 1603 1667 1684 potius
1736 1622 1924 1685 quam
1992 1604 2329 1671 effundam.
2379 1607 2490 1670 aut
2554 1606 2611 1669 si
2666 1625 2784 1689 ego

443 1746 452 1756 ·
495 1715 702 1789 canto,
752 1713 825 1774 tu
875 1712 1089 1773 autem
1137 1708 1215 1773 ad
1263 1709 1451 1773 aliam
1498 1728 1727 1775 uocem
1775 1711 1994 1788 saltas,
2041 1729 2159 1774 nec
2221 1710 2314 1775 sic
2370 1710 2627 1793 quidem
2681 1732 2784 1776 me

492 1818 798 1901 paenitet.
846 1817 1039 1880 habet
1104 1815 1272 1880 enim
1333 1835 1514 1879 suam
1580 1816 1969 1881 hilaritatem
2032 1816 2174 1898 ipsa
2235 1818 2532 1896 cantatio,
2590 1818 2784 1882 etiam

495 1944 642 1989 cum
688 1923 768 1987 ad
816 1942 955 1987 eam
1000 1922 1284 1986 membra
1328 1941 1451 1986 non
1508 1925 1749 2000 mouet,
1799 1922 1903 1986 cui
1966 1923 2154 2005 plena
2216 1923 2501 1987 caritatis
2564 1925 2787 1993 modu-.

406 2048 458 2089 ιε
492 2031 731 2095 latione
763 2031 1073 2094 cantatur.
1113 2027 1307 2092 uerba
1347 2028 1656 2110 quaedam
1693 2028 1758 2092 in
1801 2029 2094 2111 epistulis
2133 2029 2264 2093 tuis
2293 2049 2395 2094 me
2424 2034 2783 2110 mouerunt,

495 2136 607 2201 sed
654 2137 729 2200 de
776 2136 878 2201 his
926 2138 1219 2211 tractare,
1269 2153 1416 2199 cum
1461 2134 1777 2199 factorum
1823 2135 2120 2218 uitaeque
2166 2136 2368 2200 totius
2427 2140 2576 2200 tuae
2637 2155 2785 2202 cura

496 2249 821 2328 excoquat,
869 2244 1161 2326 ineptum
1207 2241 1453 2326 putaui.

673 2437 741 2490 10
777 2435 896 2489 Ter.
934 2434 1037 2489 Ad.
1074 2435 1178 2488 769

569 2561 594 2612 1
645 2559 742 2613 sed
786 2575 887 2614 om.
925 2556 1005 2612 1³²
1180 2559 1214 2612 2
1261 2558 1424 2618 modi,
1463 2573 1600 2613 corr.
1637 2574 1708 2612 m,
1747 2565 1778 2610 1
1814 2558 2001 2611 mundi
2046 2558 2092 2611 C
2269 2559 2301 2611 3
2350 2560 2689 2613 uoluntatem
2727 2561 2780 2611 A

494 2648 530 2703 5
568 2648 743 2718 hisne]
784 2663 884 2700 nee
920 2648 976 2701 A
1116 2648 1321 2701 inseres
1360 2645 1488 2700 ΡΡ1
1615 2647 1648 2699 6
1685 2646 1832 2700 facta
1868 2648 1987 2715 tua]
2029 2646 2183 2700 fatua
2220 2648 2276 2700 P
2399 2650 2431 2702 7
2469 2648 2597 2718 non]
2637 2665 2779 2709 narn,

493 2755 561 2792 m.
600 2742 639 2792 2
674 2755 782 2791 non
820 2737 896 2791 1³¹
1012 2737 1045 2790 8
1085 2752 1185 2790 nec
1222 2752 1342 2790 cum
1376 2752 1490 2789 ras.
1527 2751 1691 2803 super
1729 2752 1757 2789 e
1798 2738 1888 2803 (ev
1926 2752 2064 2790 erae.
2088 2734 2138 2802 ,9)
2177 2736 2254 2788 Μ
2422 2737 2454 2788 9
2490 2739 2553 2789 tu
2590 2753 2691 2791 om.
2728 2737 2784 2790 P

565 2826 885 2879 terrentiani
922 2824 1125 2879 MAP¹
1166 2826 1213 2888 (1-
1249 2826 1390 2892 exp.)
1432 2824 1758 2877 tenentiani
1794 2824 1850 2878 R
2032 2825 2100 2878 10
2138 2824 2262 2893 ohe]
2303 2841 2332 2876 o
2372 2825 2434 2888 81,
2474 2841 2610 2879 corr.
2648 2842 2716 2878 m.
2754 2829 2785 2878 1

496 2915 611 2968 oh&
648 2915 703 2968 P
736 2915 864 2967 ohet
899 2913 974 2967 M
1113 2913 1438 2984 sapientiam
1476 2913 1531 2965 A
1553 2912 1631 2966 al
1777 2912 1842 2965 12
1882 2912 2078 2965 sahtas
2117 2913 2172 2965 Ρ
2313 2914 2433 2983 nec]
2473 2931 2541 2966 ne
2578 2912 2784 2967 PP¹P²

565 3004 662 3073 sic]
701 3004 748 3056 si
785 3005 833 3056 A
974 3019 1061 3056 me
1103 3002 1317 3071 quidem
1356 3002 1434 3055 sic
1468 3000 1524 3055 R
1637 3003 1705 3055 14
1731 3002 1829 3054 *ad
1865 3002 1921 3054 P
2062 3002 2222 3071 plane
2259 3002 2315 3055 A
2460 3003 2528 3056 15
2566 3008 2780 3071 canta-

494 3096 583 3146 tur
611 3108 675 3146 ex
704 3108 840 3146 corr.
865 3109 934 3145 m.
965 3095 1030 3156 2‚·
1056 3090 1170 3158 fuit
1197 3094 1439 3153 cantant,
1467 3090 1616 3159 quod
1638 3090 1705 3144 in
1731 3094 1956 3144 cantane
1980 3088 2054 3157 (ἓ)
2088 3096 2359 3144 mutatum
2379 3091 2552 3157 fuisse
2576 3092 2685 3146 vid.
2711 3092 2786 3145 M

567 3180 852 3249 quaedam]
892 3182 1050 3249 quae!
1096 3180 1241 3247 (dam
1280 3179 1343 3232 iu
1377 3180 1488 3246 flue
1521 3195 1574 3232 u.
1614 3179 1835 3247 excidit)
1867 3180 1922 3232 A
1952 3178 2168 3248 quidem
2205 3178 2252 3232 0
2355 3196 2439 3232 me
2467 3182 2777 3249 mouerunt]

493 3271 929 3322 memorauerunt
949 3267 1075 3322 MA
1111 3267 1520 3321 memorauerim
1552 3265 1751 3320 ΟΡῙΡ2
1861 3267 1926 3321 16
1964 3269 2079 3340 uite
2112 3267 2216 3336 q'n
2247 3270 2337 3331 (ue
2375 3284 2515 3321 eras.
2552 3268 2682 3335 vid.)
2712 3268 2785 3321 M

493 3359 641 3412 uitae
681 3375 817 3428 quae
854 3357 964 3411 AC
995 3358 1146 3410 uitae
1185 3373 1313 3426 qme
1355 3359 1409 3423 (a
1437 3357 1599 3424 eras.)
1628 3355 1707 3409 Ρ1
1815 3372 1941 3409 cura
1977 3373 2098 3419 om„
2122 3373 2192 3409 m.
2223 3358 2262 3409 2
2291 3355 2423 3410 add.
2451 3356 2519 3408 M
2597 3357 2662 3409 17
2694 3372 2779 3410 ex-

495 3452 709 3516 coquat,
745 3447 842 3501 sed
878 3463 969 3500 exc
994 3447 1058 3499 in
1077 3462 1193 3500 rae.
1225 3449 1262 3498 4
1287 3446 1320 3500 l.
1353 3448 1442 3512 (m.
1469 3449 1500 3498 1
1520 3444 1571 3513 ,9)
1601 3445 1657 3497 P
1682 3447 1993 3513 exquoquat
2014 3442 2171 3497 P¹P²
2275 3443 2511 3512 Explicit
2547 3445 2781 3513 epistula

495 3535 772 3604 augustini
808 3535 863 3588 P
899 3534 1118 3603 explicit
1156 3531 1392 3602 epistula
1429 3532 1604 3585 sancti
1642 3532 1922 3602 augustini
1959 3532 2034 3586 M
2065 3531 2287 3602 explicit
2332 3532 2570 3600 epistula
2606 3535 2783 3587 sancti

496 3624 776 3689 augustini
813 3623 882 3677 ad
917 3623 1199 3676 licentium
1227 3622 1320 3676 ΡΙ.
1349 3621 1614 3689 Sequitur
1648 3621 1713 3674 in
1739 3618 1944 3674 MRP2
1968 3625 2020 3674 et
2044 3621 2109 3673 iu
2133 3620 2385 3675 omuibus
2412 3621 2532 3675 edd.
2561 3637 2783 3678 carmen

492 3711 711 3765 Liceuti
757 3711 836 3764 ad
869 3710 1243 3779 Auyustinum
1285 3710 1525 3775 missum,
1572 3709 1732 3763 cuiue
1773 3708 2076 3763 uersiculos
2120 3709 2388 3777 quosdam
2437 3708 2782 3777 Auyustiuus

493 3799 653 3866 infra
689 3816 754 3868 p.
802 3802 898 3866 86,
950 3802 1175 3854 13-20
1216 3800 1450 3867 profert.
1508 3798 1656 3867 quod
1711 3812 1932 3851 carmen
1982 3797 2099 3850 iam
2145 3797 2456 3865 antiquitus
2507 3798 2609 3851 hoc
2663 3799 2780 3855 loeo

492 3890 759 3941 insertum
805 3902 925 3940 cum
972 3887 1049 3940 ad
1091 3888 1275 3954 ipsam
1324 3885 1617 3954 epistulam
1659 3900 1778 3938 non
1819 3884 2096 3953 pertinere
2142 3891 2430 3952 appareat,
2478 3887 2672 3949 euenit,
2718 3894 2783 3941 ut

493 3976 762 4043 epistulae
799 3979 996 4043 partes
1042 3974 1447 4038 diuellereutur,
1494 3974 1559 4026 iu
1591 3973 1872 4042 plerisque
1919 3972 2075 4026 libris
2118 3988 2292 4025 manu
2334 3974 2554 4041 seriptis
2599 3974 2781 4029 altera

493 4069 710 4117 tantum
745 4079 891 4132 pars
936 4062 1272 4128 exhibeatur,
1308 4063 1372 4115 in
1418 4062 1551 4116 aliis
1586 4068 1637 4115 et
1669 4063 1733 4116 iu
1784 4062 1865 4116 ed.
1905 4078 1943 4115 a
1981 4067 2087 4115 tres
2122 4061 2252 4115 inde
2287 4062 2558 4129 epistulae
2593 4064 2782 4129 factae

491 4152 623 4204 sint.
660 4151 822 4215 eiecto
858 4151 1046 4219 itaque
1082 4151 1324 4204 carmine
1360 4150 1627 4218 epistulae
1654 4156 1848 4227 partes
1884 4152 2030 4204 inter
2072 4166 2128 4204 se
2176 4149 2444 4203 coniunxi
2476 4155 2528 4204 et
2563 4167 2781 4206 carmen

490 4240 924 4309 subiuuyendum
961 4240 1173 4294 curaui.
