3392 4917
611 343 692 405 22
1314 334 1368 390 S.
1426 333 1702 388 Aureli
1760 333 2198 403 Augustini
2285 350 2296 371 s

609 532 840 598 existat
887 531 1141 596 assidue
1192 531 1405 613 aliqua
1455 528 1799 595 difficultas
1848 528 2077 614 agendi
2122 531 2311 611 atque
2356 512 2681 611 implendi,
2730 526 2896 610 quod

609 639 808 723 cupit,
876 638 1132 703 assidue
1199 637 1513 705 irascitur.
1597 638 1692 701 ira
1758 639 1858 701 est
1922 640 2158 713 autem,
2219 638 2528 719 quantum
2581 653 2726 699 mea
2778 634 2899 698 fert

610 745 843 828 opinio,
901 746 1314 810 turbulentus
1371 743 1693 828 appetitus
1754 744 2075 809 auferendi
2138 762 2230 819 ea,
2297 762 2457 825 quae
2522 741 2898 807 facilitatem

611 852 879 917 actionis
927 851 1304 935 impediunt.
1368 851 1582 933 itaque
1627 853 2005 934 plerumque
2053 869 2173 914 non
2221 849 2583 914 hominibus
2628 851 2897 923 tantum,

609 959 722 1025 sed
770 960 1011 1024 calamo
1059 957 1396 1023 irascimur
1439 958 1504 1021 in
1554 957 1888 1022 scribendo
1948 975 2217 1039 eumque
2273 956 2653 1021 conlidimus
2710 957 2899 1038 atque
2956 972 2981 1011 ⁶

607 1064 954 1149 frangimus
1007 1066 1068 1128 et
1116 1064 1427 1128 aleatores
1475 1064 1737 1128 tesseris
1788 1066 1852 1128 et
1895 1063 2171 1145 pictores
2216 1062 2513 1145 penicillo
2563 1065 2628 1126 et
2674 1061 2901 1144 cuique

607 1171 1030 1235 instrumento
1083 1169 1373 1251 quilibet,
1425 1188 1496 1233 ex
1545 1188 1668 1251 quo
1730 1168 2174 1233 difficultatem
2231 1187 2298 1233 se
2352 1167 2486 1251 pati
2542 1168 2900 1233 arbitratur.

609 1279 726 1342 hac
801 1279 1012 1340 autem
1089 1275 1465 1340 assiduitate
1537 1276 1852 1340 irascendi
1916 1276 2004 1339 fel
2070 1294 2350 1340 crescere
2415 1274 2606 1339 etia'm
2673 1276 2901 1340 medici

609 1383 960 1448 adfirmant.
1031 1384 1351 1448 cremento
1421 1386 1631 1446 autem
1698 1382 1870 1447 fellis
1933 1401 2153 1446 rursus
2212 1383 2276 1446 et
2330 1381 2518 1446 facile
2575 1401 2645 1447 ac
2708 1401 2901 1464 prope

609 1490 803 1554 nullis
839 1491 1049 1554 causis
1081 1488 1499 1555 existentibus
1537 1488 1892 1555 irascimur.
1940 1489 2034 1553 ita
2073 1489 2241 1571 quod
2280 1507 2397 1554 suo
2435 1490 2617 1554 motu
2656 1489 2901 1553 animus
2941 1507 2989 1546 ιο

607 1597 762 1661 fecit
803 1597 869 1660 in
919 1615 1197 1679 corpore,
1248 1596 1326 1660 ad
1374 1615 1519 1659 eum
1565 1614 1786 1660 rursus
1835 1594 2372 1661 commonendum
2416 1594 2678 1661 ualebit.

567 1693 603 1756 5
695 1703 980 1768 Possunt
1023 1702 1340 1767 latissime
1387 1701 1517 1766 ista
1563 1701 1821 1766 tractari
1870 1705 1935 1766 et
1979 1701 2203 1766 multis
2248 1721 2458 1766 rerum
2513 1699 2901 1766 testimoniis

609 1810 689 1873 ad
746 1809 1074 1874 certiorem
1133 1809 1611 1891 plenioremque
1665 1808 1931 1893 perduci
1993 1808 2309 1874 notitiam.
2385 1808 2499 1872 sed
2560 1807 2711 1871 huic
2776 1807 2902 1888 epi-

610 1916 817 1980 stulae
879 1914 1151 2000 adiunge
1208 1914 1409 1993 illam,
1470 1934 1659 1997 quam
1716 1915 1836 1979 tibi
1890 1934 2093 1998 nuper
2148 1914 2223 1978 de
2277 1913 2664 2009 imaginibus
2715 1916 2779 1977 et
2825 1913 2901 1977 de

607 2022 914 2088 memoria
959 2022 1128 2100 misi,
1181 2025 1244 2087 et
1292 2041 1429 2086 eam
1471 2022 1846 2106 diligentius
1883 2023 2235 2105 pertracta;
2285 2040 2431 2085 nam
2468 2020 2680 2086 minus
2716 2020 2901 2103 plene
2941 2036 2990 2077 ιε

610 2146 646 2192 a
687 2130 753 2192 te
797 2129 1127 2193 intellecta
1173 2129 1480 2212 rescripto
1529 2131 1639 2193 tuo
1688 2128 1847 2192 mihi
1896 2128 2205 2212 apparuit.
2282 2127 2434 2192 huic
2493 2145 2661 2211 ergo,
2715 2146 2900 2209 quam

608 2253 776 2300 nunc
830 2236 1016 2320 legis,
1078 2253 1226 2300 cum
1282 2235 1639 2301 adiunxeris
1699 2235 1776 2299 de
1832 2234 1964 2312 illa,
2014 2235 2184 2317 quod
2240 2233 2330 2298 ibi
2387 2233 2629 2298 dictum
2680 2235 2778 2297 est
2824 2232 2901 2296 de

607 2342 880 2407 naturali
928 2341 1199 2425 quadam
1247 2341 1551 2408 facultate
1602 2341 1795 2406 animi
1841 2340 2189 2406 minuentis
2229 2344 2294 2405 et
2331 2340 2624 2424 augentis
2664 2338 2900 2424 cogita-

607 2448 777 2512 tione
846 2447 1191 2530 quodlibet,
1259 2448 1531 2513 fortasse
1589 2450 1652 2510 te
1709 2447 1838 2511 iam
1894 2466 2017 2511 non
2073 2445 2379 2522 monebit,
2438 2445 2602 2510 unde
2650 2446 2780 2517 fiat,
2828 2448 2901 2510 ut

610 2555 802 2619 etiam
839 2554 1077 2619 formae
1119 2572 1475 2637 corporum,
1507 2573 1662 2636 quas
1702 2572 2049 2635 numquam
2085 2552 2387 2631 uidimuS‚
2417 2553 2523 2617 uel
2562 2552 2898 2637 cogitando
2933 2571 2989 2612 πο

613 2660 782 2743 apud
827 2679 942 2726 nos
989 2660 1097 2723 uel
1148 2659 1518 2724 somniando
1565 2658 1934 2743 figurentur.

1710 2835 1786 2900 X.

1315 2955 1672 3012 NEBRIDIO
1721 2955 2139 3012 AUGUSTINU
2144 2955 2197 3013 S.

568 3059 600 3120 1
695 3064 1061 3147 Numquam
1129 3082 1326 3146 aeque
1395 3063 1735 3147 quicquam
1797 3067 2052 3129 tuarum
2114 3063 2603 3146 inquisitionum
2665 3084 2767 3129 me
2831 3064 2894 3128 in

609 3170 947 3255 cogitando
1004 3170 1213 3235 tenuit
1268 3173 1665 3236 aestuantem
1725 3174 1913 3255 atque
1966 3170 2149 3249 illud,
2207 3171 2376 3254 quod
2438 3170 2894 3236 recentissimis
2928 3186 2985 3226 2⁵

679 3328 712 3381 2
749 3344 836 3380 1116
873 3325 982 3382 LR
1124 3328 1156 3380 5
1195 3328 1251 3380 in
1288 3344 1389 3383 om.
1428 3327 1482 3381 P
1629 3329 1659 3382 7
1703 3329 2016 3399 {strumento
2055 3328 2108 3380 P
2260 3329 2436 3399 parati
2474 3328 2806 3382 arbitrantur
2841 3328 2895 3382 P

608 3417 640 3471 8
676 3416 779 3469 1166
817 3415 868 3469 P
1006 3415 1111 3481 uel,
1152 3432 1287 3471 corr.
1326 3416 1402 3471 fel
1439 3416 1516 3469 Ρ1
1660 3418 1824 3472 etiam
1863 3432 1964 3474 om.
2011 3417 2056 3469 P
2089 3435 2126 3470 a
2268 3416 2525 3471 medicis*
2560 3417 2613 3472 L
2738 3418 2770 3472 9
2807 3418 2888 3471 in·

611 3507 880 3559 cremento
919 3505 971 3557 P
1112 3506 1188 3575 et]
1231 3505 1374 3560 effici
1410 3508 1475 3560 ut
1510 3505 1563 3558 P
1671 3506 1740 3561 10
1777 3506 2070 3560 irascamur
2106 3505 2160 3558 P
2272 3506 2333 3560 11
2377 3506 2819 3561 commonendum
2844 3507 2896 3559 P

611 3595 676 3647 16
715 3593 1000 3647 intellecta
1034 3594 1089 3646 P
1218 3595 1282 3648 17
1323 3588 1634 3649 adhibueris
1671 3595 1725 3648 P
1869 3594 2073 3649 dictum
2111 3594 2189 3648 ibi
2226 3594 2344 3648 edd.
2483 3596 2547 3649 18
2586 3595 2803 3649 nuentis
2838 3595 2891 3649 L

645 3684 1030 3753 cogitationem
1069 3682 1200 3738 1:1³1
1240 3686 1311 3750 (m
1352 3685 1516 3749 eras)
1553 3684 1608 3739 R
1648 3701 1684 3738 a
1779 3684 1843 3737 19
1884 3686 2016 3752 quot
2052 3682 2190 3736 lib-et
2225 3682 2278 3737 L
2421 3686 2476 3737 te
2514 3683 2794 3737 iam—fiat
2829 3686 2893 3737 ut

607 3788 708 3827 om.
747 3770 928 3828 LP²R
965 3773 1085 3827 edd.
1230 3774 1306 3827 In
1341 3773 1397 3828 R
1436 3789 1553 3827 cum
1591 3773 1699 3826 hac
1735 3772 1975 3841 epistula
2011 3773 2305 3826 coniuncta
2341 3778 2419 3827 est
2457 3789 2535 3842 ep.
2575 3772 2733 3827 XIV
2762 3772 2891 3827 inde

610 3878 646 3914 a
673 3877 733 3929 p.
776 3864 868 3929 32,
906 3865 988 3916 20
1025 3863 1263 3917 ‘tametsi
1300 3867 1453 3916 actus
1493 3862 1675 3916 animi'
1716 3868 1811 3916 etc.
1848 3863 2077 3930 itemque
2110 3862 2173 3915 in
2211 3864 2352 3931 aes.

784 3966 840 4020 L
876 3992 943 4014 τε
983 3968 1098 4022 cod.
1138 3968 1532 4022 Laudunensis
1567 3971 1679 4022 134
1716 3984 1758 4021 s.
1798 3966 1908 4021 IX.

785 4055 838 4107 P
874 4081 940 4103 =
981 4057 1098 4111 cod.
1136 4056 1436 4110 Parisinus
1469 4059 1647 4110 12210
1681 4072 1723 4109 s.
1763 4058 1836 4111 X.

782 4143 838 4200 R
875 4169 942 4191 =
982 4145 1097 4200 eod.
1135 4144 1286 4199 Mus.
1325 4144 1472 4200 Brit.
1510 4144 1640 4213 Rey.
1685 4146 1721 4197 5
1757 4144 1816 4197 D
1861 4143 1952 4198 VI
1980 4159 2023 4198 s.
2062 4142 2378 4197 XI—XII.

680 4248 748 4302 23
786 4249 1211 4319 Inscrvjotionem
1247 4266 1350 4305 om.
1388 4250 1443 4305 R
1479 4249 1598 4304 edd.
1627 4255 1854 4318 praeter
1889 4266 1942 4304 m
2050 4251 2119 4304 24
2156 4249 2525 4320 inquisionum
2562 4249 2614 4303 L
