3392 4917
563 337 643 400 12
1264 337 1316 389 S.
1374 336 1646 389 Aureli
1702 337 2139 405 Augustini

558 545 820 611 magnas
870 528 1198 592 continent
1240 528 1666 609 probationes.
1715 529 1863 592 illae
1912 529 2067 593 mihi
2116 527 2463 609 Christum,
2509 531 2657 596 illae
2703 532 2844 596 Pla-

560 637 793 713 tonem,
859 635 1008 699 illae
1074 634 1403 699 Plotinum
1469 636 1805 702 sonabunt.
1897 640 2082 700 erunt
2154 636 2354 720 igitur
2414 638 2572 701 mihi
2640 641 2703 702 et
2766 641 2845 704 ad

558 739 939 805 audiendum
967 742 1225 822 propter
1256 740 1684 822 eloquentiam
1725 741 1944 805 dulces
1990 744 2053 806 et
2100 742 2177 805 ad
2212 742 2553 825 legendum
2589 749 2846 827 propter

555 847 936 912 breuitatem
1001 846 1225 910 faciles
1294 849 1358 910 et
1422 847 1500 910 ad
1573 847 2075 931 intellegendum
2149 853 2405 932 propter
2468 850 2841 931 sapientiam

556 954 865 1019 salubres,
946 953 1196 1017 curabis
1246 972 1415 1035 erg0‚
1466 954 1633 1034 quod
1678 956 1829 1017 tuae
1875 954 2074 1018 menti
2131 958 2422 1020 sanctum
2477 957 2842 1039 bonumque
2902 982 2928 1021 5

552 1059 747 1124 fuerit
792 1060 1029 1136 uisum,
1078 1079 1178 1123 me
1229 1059 1471 1123 docere.
1529 1059 1629 1124 his
1679 1062 1893 1124 autem
1939 1061 2172 1125 litteris
2219 1063 2655 1144 respondebiS‚
2696 1084 2840 1128 cum

554 1166 628 1230 de
684 1166 1022 1249 phantasia
1078 1168 1141 1229 et
1194 1165 1501 1229 memoria
1565 1166 1869 1230 subtilius
1936 1167 2174 1249 aliquid
2241 1168 2605 1250 disputaris,
2683 1170 2844 1233 mihi

554 1272 721 1336 enim
778 1273 870 1337 ita
923 1272 1201 1351 uidetur,
1261 1272 1450 1354 quod,
1510 1274 1803 1355 quamuis
1859 1293 1983 1337 non
2042 1275 2245 1339 omnis
2304 1276 2639 1358 phantasia
2695 1295 2840 1340 cum

550 1379 856 1443 memoria
902 1379 1006 1456 sit,
1059 1378 1264 1443 omnis
1310 1381 1522 1443 tamen
1579 1380 1887 1443 memoria
1942 1380 2077 1444 sine
2131 1381 2465 1463 phantasia
2521 1401 2661 1447 esse
2715 1387 2878 1448 non’

547 1487 773 1569 possit.
842 1487 954 1550 sed
1002 1485 1204 1550 dices:
1257 1484 1443 1563 Quid,
1494 1505 1638 1550 cum
1686 1487 2089 1551 recordamur
2134 1507 2247 1551 nos
2293 1489 2683 1554 intellexisse
2731 1493 2841 1554 aut
2873 1507 2922 1545 10

551 1594 869 1677 cogitasse
918 1593 1204 1674 aliquid?
1243 1595 1461 1657 contra
1487 1594 1644 1657 haec
1683 1613 1800 1677 ego
1840 1594 2188 1678 respondeo
2230 1598 2294 1660 et
2331 1596 2471 1661 dico
2509 1600 2840 1679 propterea

548 1699 669 1764 hoc
718 1699 1030 1777 euenisse,
1084 1700 1249 1780 quia,
1301 1718 1445 1763 curn
1490 1699 1923 1766 intelleximus
1977 1702 2085 1766 uel
2142 1702 2566 1785 cogitauimus
2624 1721 2837 1785 corpo-

546 1824 725 1869 reum
782 1824 855 1868 ac
908 1806 1258 1887 temporale
1317 1805 1578 1888 aliquid,
1638 1806 2001 1889 genuimUS‚
2071 1808 2239 1890 quod
2304 1807 2381 1870 ad
2434 1808 2833 1889 phantasiam

544 1911 845 1991 pertinet3
904 1930 1050 1974 nam
1100 1914 1211 1975 aut
1259 1912 1452 1976 uerba
1496 1912 1860 1977 intellectui
1918 1914 2542 1997 cogitationibusque
2599 1914 2833 1977 nostris

545 2017 965 2096 adiunximus,
1007 2036 1167 2100 quae
1213 2019 1410 2082 uerba
1457 2019 1592 2082 sine
1639 2022 1924 2101 tempore
1972 2039 2094 2084 non
2145 2023 2296 2085 sunt
2342 2024 2406 2085 et
2451 2021 2528 2084 ad
2577 2039 2833 2085 sensum
2870 2051 2920 2090 15

542 2125 649 2189 uel
701 2124 1102 2207 phantasiam
1157 2125 1493 2207 pertinent,
1553 2130 1664 2189 aut
1721 2129 1850 2190 tale
1909 2126 2149 2208 aliquid
2205 2130 2420 2191 noster
2464 2127 2831 2191 intellectus

544 2231 933 2315 cogitatione
980 2251 1172 2314 passa
1220 2234 1338 2308 est,
1390 2232 1561 2314 quod
1617 2232 1679 2295 in
1740 2233 1949 2297 animo
2007 2233 2407 2315 phantastico
2463 2235 2832 2299 memoriam

541 2338 748 2402 facere
815 2338 1155 2420 potuisset.
1232 2339 1389 2403 haec
1457 2357 1573 2422 ego
1639 2339 2109 2404 inconsiderate
2175 2360 2248 2404 ac
2309 2342 2694 2422 perturbate,
2759 2344 2834 2405 ut

542 2445 740 2520 soleo,
782 2444 935 2520 dixi3
986 2447 1056 2507 tu
1107 2445 1459 2526 explorabis
1509 2447 1574 2508 et
1619 2445 1779 2510 falso
1826 2447 2059 2510 reiecto
2110 2447 2439 2510 ueritatem
2490 2446 2552 2509 in
2597 2447 2830 2510 litteris

540 2551 842 2615 conferes.
2862 2580 2915 2619 20

499 2653 536 2713 2
629 2658 798 2721 Audi
837 2658 1040 2721 aliud:
1091 2676 1222 2736 cur,
1273 2677 1506 2741 quaeso
1555 2660 1641 2735 te,
1681 2678 1807 2723 non
1855 2679 1891 2722 a
1938 2678 2005 2722 se
2052 2658 2267 2739 potius
2316 2677 2503 2739 quam
2554 2677 2588 2720 a
2635 2676 2825 2722 sensu

536 2763 936 2845 phantasiam
1002 2763 1233 2827 habere
1302 2783 1517 2827 omnes
1581 2764 1894 2847 imagines
1960 2764 2276 2829 dicimus?
2358 2766 2573 2846 potest
2637 2764 2825 2841 enim,

539 2888 727 2951 quem
765 2869 840 2933 ad
889 2869 1149 2934 modum
1195 2871 1411 2934 noster
1457 2869 1709 2935 animus
1755 2870 2210 2935 intellectualis
2260 2870 2338 2933 ad
2382 2870 2826 2954 intellegibilia

538 2993 655 3038 sua
700 2974 980 3038 uidenda
1027 2994 1063 3038 a
1110 2995 1300 3040 sensu
1349 2975 1722 3041 admonetur
1766 2977 1981 3057 potius
2031 2996 2220 3058 quam
2276 2976 2515 3058 aliquid
2572 2976 2823 3058 accipit,

534 3079 625 3143 ita
670 3082 735 3143 et
778 3081 1219 3163 phantasticus
1269 3082 1516 3146 animus
1556 3082 1635 3146 ad
1669 3082 1984 3166 imagines
2034 3102 2184 3147 suas
2234 3083 2749 3165 contemplandas
2789 3103 2824 3146 a
2858 3112 2910 3152 25

536 3205 728 3250 sensu
794 3187 1120 3251 admoneri
1182 3189 1397 3271 potius
1464 3208 1653 3270 quam
1720 3189 1956 3270 aliquid
2021 3188 2373 3255 adsumere.
2451 3208 2594 3253 nam
2658 3190 2819 3254 forte

606 3432 630 3483 1
674 3433 918 3485 continet
944 3432 999 3484 P
1104 3432 1137 3483 2
1177 3431 1446 3485 sonabant
1469 3432 1525 3487 R
1631 3433 1667 3485 4
1706 3432 1890 3485 faciles
1932 3431 2081 3499 (facil
2120 3448 2187 3486 ex
2224 3449 2359 3486 corr.
2399 3451 2465 3487 m.
2504 3440 2567 3487 ut
2602 3436 2716 3488 uid.
2753 3441 2819 3502 2;

528 3517 709 3584 fuitne
743 3519 869 3574 felic
890 3519 940 3585 ,9)
979 3520 1034 3572 Ρ
1159 3523 1190 3572 5
1231 3520 1396 3590 quod]
1438 3523 1658 3590 propter
1696 3519 1842 3589 quod
1876 3520 1932 3573 P
2072 3520 2345 3575 bonumne
2384 3522 2503 3575 edd.
2639 3525 2668 3577 7
2710 3524 2817 3577 dis·

530 3607 754 3675 putariS,
806 3624 941 3662 corr.
979 3626 1048 3661 m.
1086 3616 1118 3663 1
1156 3609 1523 3678 disputaueris
1569 3609 1645 3663 P¹
1693 3608 2057 3678 disputaueris
2093 3609 2150 3664 R
2312 3611 2382 3663 10
2432 3610 2567 3664 dicis
2606 3612 2661 3663 P
2696 3612 2814 3665 edd.

531 3694 593 3747 11
634 3695 736 3748 hoc
772 3694 826 3745 P
966 3699 1186 3766 propter
1221 3697 1276 3749 P
1384 3698 1451 3749 12
1489 3698 2160 3766 corporeum-genuimus
2198 3714 2299 3752 om.
2338 3698 2395 3753 R
2504 3715 2816 3768 corporeum

528 3783 797 3837 coloreum
833 3784 935 3838 hac
972 3785 1272 3854 temporale
1308 3785 1364 3838 P
1481 3786 1545 3839 13
1585 3787 1653 3838 ad
1690 3804 1812 3853 om„
1849 3804 1915 3840 m.
1954 3790 1986 3839 1
2024 3785 2152 3841 add.
2190 3787 2267 3840 Ρ1
2389 3789 2457 3842 14
2493 3804 2814 3856 nam—per-

526 3871 709 3926 tinent
743 3888 845 3926 om.
882 3872 937 3926 L
1079 3874 1367 3927 intellectu
1406 3872 1481 3926 P¹
1617 3874 1682 3926 16
1720 3874 2032 3928 intellectus
2071 3877 2256 3929 noster
2290 3877 2410 3930 edd.
2561 3878 2625 3929 17
2666 3878 2814 3945 cogi-

524 3962 733 4015 tatione
758 3961 866 4016 PR
894 3961 1014 4015 edd.
1159 3979 1350 4031 passus
1390 3967 1474 4015 est
1501 3962 1620 4015 cdd.
1767 3963 2023 4017 memoria
2048 3965 2105 4017 P
2203 3965 2271 4019 18
2296 3966 2607 4034 potuissent
2629 3964 2814 4019 LP¹R

598 4068 724 4120 ergo
760 4050 817 4102 P
955 4049 1056 4103 hac
1092 4051 1149 4103 P
1253 4051 1321 4104 19
1360 4050 1520 4117 falso]
1562 4050 1707 4103 facto
1745 4050 1802 4105 R
1940 4051 2121 4105 littera
2161 4054 2217 4106 P
2309 4053 2378 4106 20
2417 4053 2646 4107 conseris
2683 4053 2814 4105 LP1

526 4143 683 4204 (cor-r.
724 4138 986 4204 conferes)
1062 4139 1131 4192 23
1161 4140 1367 4207 noster]
1395 4155 1494 4192 nos
1522 4137 1729 4204 LP¹R;
1757 4155 1858 4191 om.
1888 4140 2007 4192 edd.
2118 4141 2519 4209 intellectuali-8
2553 4146 2606 4210 (†
2628 4143 2813 4195 littera

523 4226 835 4295 corrigendo
873 4231 1154 4295 corrupta)
1191 4228 1247 4280 P
1350 4229 1418 4280 25
1459 4227 1904 4295 contemplendas
1941 4227 1994 4279 L
