3392 4917
602 422 732 486 116
1304 417 1356 472 S.
1412 416 1690 471 Aureli
1745 415 2183 487 Augustini

602 631 638 677 a
683 612 918 678 duritia
960 612 1340 676 Iudaeorum
1390 609 1733 692 epistulam
1799 628 1981 674 suam
2048 628 2195 674 non
2267 609 2340 673 in
2406 608 2724 674 tabulis
2788 610 2890 673 la-

598 719 868 802 pideis
935 717 1241 800 scriptam
1306 717 1443 782 sed
1507 716 1584 781 in
1660 716 1976 782 tabulis
2052 713 2326 780 cordis
2395 716 2890 795 carnalibus,

603 844 749 891 cum
793 825 1052 908 Moyses
1090 824 1373 888 famulus
1412 821 1515 888 dei
1550 825 1810 907 propter
1843 823 1991 888 illos
2028 822 2347 907 principes
2385 821 2568 888 binas
2606 822 2891 906 lapideas

600 932 850 996 tabulas
909 930 1346 1014 confregisset,
1406 948 1529 1012 quo
1577 928 1766 994 modo
1825 948 1950 993 non
1995 947 2336 1013 possemus
2383 928 2658 993 istorum
2704 928 2895 993 corda

604 1037 1017 1122 confringere,
1075 1035 1184 1119 qui
1238 1035 1529 1101 homines
1587 1035 1743 1099 noui
1804 1034 2175 1100 testamenti
2240 1037 2602 1100 sanctorum
2668 1034 2895 1099 diebus
2958 1057 2985 1098 5

606 1143 994 1209 celebrandis
1061 1161 1134 1207 ea
1210 1142 1448 1207 uellent
1517 1141 1913 1206 sollemniter
1986 1142 2304 1222 exhibere,
2383 1161 2543 1225 quae
2616 1142 2895 1225 populus

601 1250 838 1316 ueteris
886 1248 1254 1315 testamenti
1301 1251 1366 1314 et
1412 1250 1611 1313 semel
1657 1251 1725 1312 et
1766 1248 1937 1314 idolo
1987 1248 2356 1314 celebrauit.

517 1357 556 1422 5
691 1359 870 1423 Tunc
895 1355 1142 1422 reddito
1175 1355 1354 1421 exodi
1384 1355 1599 1420 codice
1630 1354 1867 1420 crimen
1909 1355 2254 1435 ebrietatis,
2296 1358 2606 1438 quantum
2641 1357 2896 1437 tempus

605 1464 872 1542 sinebat,
923 1482 1304 1549 exaggerans
1353 1462 1599 1545 sumpsi
1656 1463 2018 1544 apostolum
2072 1462 2347 1526 Paulum
2395 1464 2479 1540 et,
2525 1461 2691 1525 inter
2738 1479 2897 1543 quae

605 1574 866 1654 peccata
910 1569 1123 1654 posita
1170 1572 1361 1646 esset,
1414 1568 1663 1634 ostendi
1723 1569 1943 1654 legens
2007 1568 2192 1633 illum
2255 1569 2499 1633 locum:
2568 1565 2651 1632 Si
2715 1565 2894 1648 quis
2934 1591 2986 1631 ιο

605 1677 861 1742 frater
932 1675 1398 1741 nominetur
1472 1677 1610 1740 aut
1680 1674 2142 1740 fornicator
2205 1677 2341 1740 aut
2412 1673 2663 1739 idolis
2741 1692 2896 1737 ser-

606 1782 840 1848 uiens
890 1784 1029 1847 aut
1085 1800 1379 1845 auarus
1436 1784 1576 1845 aut
1617 1780 2072 1846 maledicus
2133 1784 2269 1845 aut
2325 1779 2702 1845 ebriosus
2762 1782 2899 1843 aut

605 1907 866 1972 rapax,
899 1907 1069 1953 cum
1110 1887 1283 1952 eius
1320 1886 1533 1952 modi
1570 1905 1712 1952 nec
1753 1886 2019 1952 cibum
2057 1905 2389 1966 sumere,
2411 1885 2895 1971 ingemescendo

607 1995 973 2073 admonens,
1022 2012 1168 2059 cum
1217 1996 1452 2076 quanto
1512 1993 1798 2077 periculo
1857 1993 2342 2058 conuiuaremur
2406 2011 2552 2057 cum
2619 1992 2732 2069 eis,
2791 1990 2898 2074 qui

606 2103 715 2166 uel
758 2101 822 2166 in
872 2100 1166 2166 domibus
1205 2099 1682 2164 inebriarentur.
1722 2099 1853 2184 legi
1891 2099 2083 2164 etiam
2119 2098 2302 2177 illud,
2343 2099 2514 2182 quod
2549 2117 2671 2164 non
2708 2099 2898 2182 longo
2937 2125 2989 2169 ιε

606 2207 945 2272 interuallo
996 2205 1312 2289 sequitur:
1362 2204 1642 2270 Nolite
1691 2223 1989 2282 errare3
2041 2223 2297 2287 neque
2343 2203 2898 2270 fornicatores

608 2312 1146 2396 nequeidolis
1188 2311 1653 2377 seruientes
1703 2330 1958 2394 neque
2007 2311 2369 2377 adulteri
2414 2330 2670 2395 neque
2717 2313 2901 2377 mol-

607 2423 727 2487 les
775 2438 1029 2503 neque
1096 2420 1640 2483 masculorum
1708 2419 2292 2485 concubitores
2358 2437 2613 2502 neque
2677 2418 2898 2483 fures

610 2546 863 2610 neque
923 2525 1148 2591 anari
1204 2544 1459 2608 neque
1519 2524 1829 2590 ebriosi
1884 2543 2142 2608 neque
2197 2525 2588 2591 maledici
2645 2544 2901 2607 neque

611 2634 990 2716 raptores
1039 2650 1371 2716 regnum
1419 2630 1545 2697 dei
1592 2631 2162 2714 possidebunt.
2212 2635 2291 2696 et
2334 2631 2530 2698 haec
2581 2631 2901 2715 quidem
2940 2662 2993 2702 20

609 2738 920 2813 fuistis,
989 2737 1128 2803 sed
1198 2736 1466 2801 abluti
1532 2737 1763 2816 estiS,
1832 2738 1970 2803 sed
2032 2737 2499 2803 iustificati
2557 2736 2764 2803 estis
2824 2737 2902 2802 in

612 2845 928 2911 nomine
978 2843 1284 2908 domini
1331 2843 1518 2908 Iesu
1568 2844 1885 2910 Christi
1934 2847 2010 2910 et
2057 2844 2363 2926 spiritu
2427 2844 2556 2910 dei
2615 2843 2899 2910 nostri.

613 2951 844 3033 quibus
890 2950 1077 3015 lectis
1128 2949 1271 3028 dixi,
1320 2952 1396 3015 ut
1441 2951 1930 3030 considerarent,
1981 2970 2103 3034 quo
2151 2950 2338 3016 modo
2378 2953 2642 3033 possent
2680 2950 2902 3014 fideles
3013 2933 3017 2938 ’

612 3056 858 3122 audire:
909 3056 1046 3121 sed
1102 3056 1370 3121 abluti
1427 3058 1655 3136 estis,
1717 3058 1825 3140 qui
1882 3058 2088 3123 adhuc
2143 3058 2292 3123 talis
2350 3057 2902 3141 concupiscentiae

614 3161 852 3240 sordes,
902 3166 1119 3228 contra
1165 3182 1320 3246 quas
1370 3164 1688 3229 clauditur
1732 3184 2001 3249 regnum
2049 3165 2389 3240 caelorum,
2425 3165 2490 3229 in
2530 3164 2715 3229 corde
2765 3182 2901 3240 suo,
2941 3194 2994 3236 25

611 3268 679 3333 id
726 3270 825 3333 est
869 3270 933 3332 in
979 3268 1273 3333 interiore
1323 3269 1424 3333 dei
1470 3271 1710 3352 templo
1743 3290 1882 3335 esse
1919 3271 2269 3354 patiuntur.
2315 3269 2462 3335 inde
2500 3272 2764 3334 uentum
2807 3273 2906 3334 est

616 3373 695 3440 ad
765 3374 929 3439 illud
1003 3374 1382 3458 capitulum:
1465 3376 2174 3442 conuenientibus
2252 3394 2437 3460 ergo
2512 3374 2749 3439 uobis
2826 3375 2903 3440 in

613 3498 1056 3546 unum’non
1116 3485 1241 3546 est
1296 3481 1778 3548 dominicam
1837 3502 2106 3548 cenam
2173 3482 2606 3560 celebrare,
2675 3500 2903 3545 unus·

616 3588 964 3669 quisque
1014 3587 1219 3654 enim
1265 3588 1670 3672 propriam
1731 3608 2001 3655 cenam
2046 3588 2504 3673 praesumit
2565 3587 2642 3652 in
2708 3606 2905 3651 man-

591 3693 982 3759 ducando
1032 3697 1111 3759 et
1157 3695 1372 3760 alius
1423 3695 1747 3778 quidem
1798 3695 2105 3774 esurit,
2146 3695 2359 3760 alius
2418 3694 2696 3759 ebrius
2756 3696 2902 3758 est.
2944 3728 2995 3770 30

794 3919 826 3973 3
864 3919 957 3972 Ex.
999 3920 1083 3984 32,
1123 3920 1191 3974 19
1304 3920 1371 3975 10
1405 3918 1435 3973 1
1473 3918 1592 3974 Cor.
1631 3922 1681 3984 5,
1727 3920 1788 3973 11
1912 3921 1979 3974 16
2015 3919 2043 3972 1
2082 3918 2201 3976 cor.
2240 3920 2293 3983 6,
2331 3920 2503 3974 9-11
2617 3920 2684 3973 27
2723 3920 2747 3973 1
2786 3902 2905 3976 cof.

622 4007 705 4072 11,
745 4007 957 4062 20—22

692 4129 718 4183 l
760 4129 957 4183 duritie
992 4146 1047 4183 m
1190 4130 1222 4184 3
1260 4130 1378 4183 bini
1414 4132 1476 4184 X
1617 4132 1650 4186 8
1677 4131 1893 4186 »eddito
1932 4134 1996 4186 X
2115 4132 2180 4186 15
2219 4132 2340 4201 lege
2380 4133 2444 4185 X
2557 4131 2626 4185 23
2665 4130 2910 4185 conside·

615 4219 800 4272 tarent
838 4219 920 4287 (ra
954 4233 997 4272 s.
1037 4235 1091 4272 u.
1130 4235 1198 4272 m.
1230 4219 1281 4287 1)
1318 4221 1382 4274 X
1521 4220 1590 4274 26
1628 4222 1684 4277 in
1724 4238 1825 4277 om.
1864 4222 1928 4274 X
2042 4221 2113 4276 30
2154 4224 2238 4275 est
2271 4220 2535 4291 numquid
2575 4219 2761 4273 domos
2801 4238 2910 4274 non

616 4304 832 4360 habetis
872 4304 940 4359 ad
979 4322 1081 4360 om.
1122 4313 1172 4361 et
1210 4309 1294 4361 est
1328 4324 1397 4362 m.
1438 4313 1468 4362 1
1502 4324 1544 4363 s.
1582 4326 1640 4366 u.
1681 4310 1813 4366 add.
1851 4311 1915 4364 X
