3392 4917
2061 111 2095 136 Q

576 331 659 394 42
1263 329 1316 384 S.
1375 329 1650 382 Aureli
1707 329 2140 398 Augustini

573 529 705 602 tuo,
774 524 883 606 qui
937 524 1277 588 Herculem
1343 526 1629 588 uestrum
1698 523 1778 588 ad
1834 543 2029 603 sacra,
2088 544 2248 606 quae
2302 525 2400 589 illi
2446 527 2522 590 ab
2569 526 2858 591 Euandro

575 631 988 705 celebrantur,
1035 630 1268 694 inuitat
1312 631 1433 695 hoc
1479 631 1694 698 modo:

889 756 973 818 Et
1017 772 1131 819 nos
1179 758 1244 819 et
1290 758 1401 819 tua
1446 755 1659 819 dexter
1707 755 1810 819 adi
1856 755 2014 838 pede
2062 775 2240 820 sacra
2286 757 2581 822 secundO.

574 878 847 944 secundo
913 878 1070 961 pede
1136 881 1313 961 optat
1375 879 1451 942 ut
1512 879 1746 943 ueniat.
1813 900 1959 964 ergo
2025 879 2239 944 uenire
2297 882 2478 962 optat
2517 880 2859 944 Herculem

570 984 1133 1067 Namphamonem,
1186 985 1261 1049 de
1310 1004 1431 1067 quo
1480 987 1554 1049 tu
1600 987 1879 1049 multum
1945 986 2128 1051 nobis
2193 985 2496 1051 insultare
2561 986 2859 1069 dignaris,
2925 1013 2953 1051 5

572 1110 792 1154 uerum
857 1093 1068 1154 tamen
1135 1091 1190 1154 si
1251 1089 1452 1155 ridere
1518 1091 1814 1168 delectat,
1879 1092 2075 1156 habes
2142 1092 2309 1173 apud
2373 1112 2490 1158 uos
2565 1075 2858 1175 magnam

571 1198 901 1261 materiam
983 1198 1384 1262 facetiarum:
1461 1197 1649 1262 deum
1726 1197 2137 1277 Stercutium,
2216 1200 2394 1263 deam
2471 1198 2856 1277 Cluacinam‚

569 1303 876 1367 Venerem
953 1303 1233 1382 Caluam,
1313 1304 1501 1368 deum
1574 1305 1914 1381 Timorem,
1990 1305 2179 1369 deum
2253 1305 2590 1378 Pallorem,
2676 1305 2859 1368 deam

569 1410 833 1474 Febrem
883 1414 946 1475 et
993 1413 1199 1475 cetera
1242 1411 1725 1476 innumerabilia
1768 1411 2035 1476 huiusce
2082 1411 2273 1489 modi,
2324 1412 2553 1494 quibus
2590 1411 2858 1475 Romani

570 1516 813 1598 antiqui
891 1517 1371 1582 simulacrorum
1447 1518 1723 1582 cultores
1796 1519 2037 1599 templa
2106 1518 2393 1582 fecerunt
2464 1519 2528 1581 et
2599 1517 2860 1581 colenda
2898 1549 2952 1586 ιο

571 1626 968 1687 censuerunt.
1017 1643 1176 1705 quae
1225 1623 1281 1688 si
1325 1624 1633 1708 neglegis,
1680 1624 2000 1689 Romanos
2050 1625 2199 1688 deos
2248 1624 2554 1707 neglegiS,
2605 1642 2676 1686 ex
2734 1642 2855 1705 quo

568 1728 955 1812 intellegeris
985 1749 1105 1794 non
1127 1730 1428 1794 Romanis
1456 1729 1746 1794 initiatus
1768 1730 1984 1808 sacriS,
2016 1734 2079 1795 et
2108 1735 2318 1794 tamen
2337 1730 2578 1795 Punica
2606 1731 2860 1793 nomina

565 1837 894 1916 tamquam
939 1835 1206 1899 nimium
1251 1836 1678 1900 Romanorum
1729 1837 2030 1901 altaribus
2079 1837 2329 1901 deditus
2387 1835 2737 1900 contemnis
2784 1854 2856 1899 ac

572 1940 865 2023 despicis,

655 2046 780 2112 Sed
859 2047 1017 2110 mihi
1088 2046 1326 2112 uideris
1396 2048 1652 2112 omnino
1727 2048 1876 2130 plus
1949 2068 2137 2131 quam
2211 2068 2325 2114 nos
2404 2049 2672 2113 fortasse
2745 2048 2854 2111 illa
2897 2088 2945 2125 ,ὃ

567 2173 745 2218 sacra
816 2152 997 2216 nihili
1071 2152 1358 2235 pendere,
1439 2154 1550 2218 sed
1625 2174 1696 2218 ex
1763 2155 1854 2218 eis
1919 2155 2130 2218 nescio
2197 2173 2393 2235 quam
2457 2159 2709 2236 captare
2772 2155 2853 2218 ad

566 2258 755 2322 huius
803 2258 974 2322 uitae
1019 2258 1359 2323 transitum
1406 2259 1824 2342 uoluptatem,
1866 2260 2098 2342 quippe
2138 2261 2245 2342 qui
2284 2261 2471 2323 etiam
2513 2280 2636 2323 non
2676 2260 2854 2324 dubi-

566 2364 801 2427 taueris
867 2363 947 2427 ad
999 2364 1324 2429 Maronem
1392 2366 1752 2448 confugere,
1810 2369 1883 2428 ut
1937 2366 2182 2443 scribiS,
2243 2370 2306 2430 et
2362 2366 2498 2430 eius
2554 2386 2745 2430 uersu
2792 2370 2855 2430 te

566 2470 750 2546 tueri,
799 2489 921 2551 quo
971 2470 1087 2533 ait:

1152 2576 1370 2640 Trahit
1417 2597 1533 2640 sua
1581 2597 1895 2660 quemque
1942 2579 2259 2661 uoluptas,
2891 2591 2963 2658 20'

567 2719 713 2763 nam
760 2699 815 2762 si
861 2699 981 2762 tibi
1028 2701 1370 2764 auctoritas
1416 2700 1694 2764 Maronis
1742 2701 1972 2782 placet,
2021 2702 2190 2766 sicut
2225 2703 2473 2786 placere
2513 2704 2854 2788 significaS,

564 2806 845 2887 profecto
895 2807 1085 2869 etiam
1132 2806 1291 2869 illud
1336 2806 1573 2887 placet:

743 2960 776 3012 3
819 2960 975 3029 Vcrg.
1016 2962 1147 3014 Aen.
1189 2960 1320 3013 VIII
1360 2961 1464 3013 302
1574 2962 1644 3016 20
1682 2962 1844 3031 Verg.
1883 2963 2013 3016 Buc.
2052 2964 2109 3018 11
2146 2966 2214 3018 65

636 3066 669 3117 2
716 3064 1092 3122 cebrabautur,
1140 3083 1274 3119 corr.
1321 3084 1391 3119 m.
1430 3072 1461 3119 1
1497 3066 1912 3121 celebrabantur
1955 3070 2018 3122 E
2189 3072 2224 3124 3
2272 3072 2579 3126 dexter-adi
2625 3073 2763 3141 pede
2799 3076 2861 3127 Ε

566 3155 783 3208 dextera
820 3155 876 3206 di
913 3155 1050 3223 pede
1076 3155 1153 3207 M
1185 3155 1373 3207 dextra
1410 3155 1605 3224 dipede
1634 3158 1689 3210 A
1728 3157 1913 3210 dexter
1940 3159 2009 3212 ad
2036 3160 2092 3228 (d
2118 3165 2258 3227 erp.)
2301 3161 2439 3230 pede
2464 3162 2519 3214 P
2553 3162 2774 3216 dextera
2798 3164 2856 3216 di

566 3242 703 3312 pede
739 3243 806 3295 H
908 3244 945 3294 4
984 3243 1269 3296 Herculem
1309 3247 1463 3312 optat
1498 3245 1618 3298 edd,
1730 3247 1765 3299 5
1802 3263 1925 3300 nam
1963 3248 2232 3301 samonem
2259 3250 2503 3303 ΕΗΜΡ
2536 3268 2643 3303 non
2681 3252 2853 3304 famo-

566 3348 687 3384 nem
724 3329 836 3384 AR
871 3346 979 3383 non
1016 3330 1351 3384 Phanionem
1381 3348 1417 3384 a
1438 3348 1466 3386 e
1498 3330 1972 3402 Namphanionem
2002 3343 2118 3390 cett.
2146 3338 2267 3391 edd.
2430 3339 2688 3408 digneriS,
2718 3359 2784 3394 m.
2815 3345 2858 3394 2

567 3419 807 3487 dignaris
832 3419 888 3471 P
976 3420 1006 3471 ‘a'
1046 3417 1319 3480 cluatiam,
1356 3437 1425 3472 m.
1463 3424 1502 3472 2
1539 3422 1832 3475 cloacinam
1871 3425 1926 3476 P
1959 3425 2253 3477 cloacinam
2278 3428 2339 3481 E
2372 3428 2491 3481 edd.
2582 3430 2618 3482 8
2654 3446 2854 3483 uenere

568 3509 623 3560 in
660 3506 869 3559 clauam
898 3506 961 3559 Η
998 3523 1065 3559 uc
1102 3514 1231 3559 nera
1268 3507 1479 3560 caluam
1508 3509 1581 3560 M
1669 3512 1706 3563 9
1741 3510 1937 3576 febre-S,
1976 3528 2112 3565 corr.
2151 3530 2219 3566 m.
2261 3520 2290 3565 1
2327 3515 2478 3568 febre
2503 3517 2559 3569 P
2663 3518 2854 3571 huius·

567 3595 703 3656 cedi,
740 3610 880 3648 corr.
917 3610 988 3647 m.
1026 3601 1056 3647 1
1091 3594 1464 3648 huiuscemodi
1499 3597 1576 3650 M
1716 3599 1912 3667 quibus
1950 3617 2052 3653 om.
2089 3602 2166 3654 M
2298 3605 2358 3657 11
2401 3621 2666 3668 ramonoS,
2704 3623 2774 3659 m.
2813 3610 2856 3659 2

565 3699 815 3737 romanos
850 3681 925 3735 M
964 3697 1233 3738 ramanoS.
1270 3699 1340 3734 m.
1377 3687 1417 3734 :2
1453 3701 1702 3738 romanos
1738 3687 1796 3738 P
1938 3689 2002 3742 12
2049 3689 2326 3758 intellegis
2363 3692 2424 3744 E
2595 3696 2852 3752 ramanis.

567 3787 705 3826 corr.
758 3787 847 3834 rm.
890 3767 989 3822 1.9›
1038 3771 1275 3822 romanis
1310 3771 1387 3823 M
1560 3775 1827 3838 initiatos,
1873 3791 2009 3829 corr.
2050 3795 2142 3830 «m.
2179 3777 2280 3842 12)
2321 3781 2572 3834 initiatus
2608 3783 2666 3834 P
2699 3783 2850 3836 initi-

568 3859 644 3911 ari
682 3859 737 3909 A
878 3857 1101 3909 numina
1146 3858 1257 3910 AP
1299 3858 1417 3912 edd.
1456 3867 1683 3926 praeter
1719 3878 1772 3914 m
1884 3864 1948 3914 13
1985 3864 2231 3926 nimium,
2277 3884 2344 3919 m.
2392 3873 2433 3921 2
2475 3870 2758 3924 numinum
2795 3873 2860 3926 E

568 3946 844 4000 numinum
885 3945 1007 3999 edd.
1187 3947 1485 3998 contemnis
1523 3963 1625 4002 om.
1664 3951 1718 4000 A
1867 3951 1932 4002 16
1969 3952 2107 4004 nihil
2144 3953 2424 4022 i·pendere
2453 3958 2511 4010 Ε
2543 3958 2684 4011 nihil
2719 3977 2850 4028 pen-

570 4034 693 4089 dere
729 4033 915 4087 HMA
1030 4035 1094 4085 17
1134 4034 1281 4086 uitae
1319 4050 1442 4088 om..
1482 4051 1549 4088 m.
1590 4039 1631 4087 2
1668 4036 1802 4091 add.
1840 4038 1912 4090 J!
2019 4040 2084 4092 18
2121 4058 2391 4095 moi-onem
2417 4049 2472 4097 A
2579 4062 2740 4100 uersu
2769 4050 2852 4114 tel

571 4123 811 4177 uersutia
836 4123 893 4175 P
987 4123 1057 4175 20
1094 4121 1283 4178 trahit.
1321 4139 1454 4176 corr.
1492 4140 1573 4186 xm.
1606 4129 1633 4174 1
1656 4123 1708 4176 Ρ·
1747 4126 1930 4179 trahat
1959 4129 2018 4180 E
2051 4129 2239 4184 trahis,
2269 4147 2406 4185 corr.
2437 4151 2502 4188 m.
2530 4140 2561 4187 1
2585 4136 2752 4188 trahit
2781 4138 2854 4190 ,Η

641 4211 892 4265 uoluntas
928 4210 989 4264 E
