3392 4917
588 337 671 401 92
1292 333 1345 388 S.
1401 331 1674 385 Aureli
1730 331 2167 402 Augustini

856 540 913 596 et
956 555 1109 596 nunc
1155 537 1526 596 Romulidum
1572 537 1743 595 sedes
1792 539 1850 594 et
1892 535 2092 594 inania
2136 537 2301 596 Remi

859 627 1109 685 culmina
1152 627 1582 699 bacchatasque
1633 626 1835 684 domos
1881 643 2179 699 uanosque
2225 627 2506 685 tumultus

854 717 1176 775 desererem
1224 719 1282 773 et
1326 718 1484 773 totus
1532 715 1706 773 semel
1756 714 1816 772 in
1861 717 1966 772 tua
2012 716 2187 773 corda
2233 717 2509 787 uenirem,
2553 731 2559 738 ·

852 805 915 862 ni
959 822 1123 863 mens
1171 804 1440 878 coniugio
1489 803 1829 862 incumbens
1878 804 2156 862 retineret
2201 808 2451 866 euntem.

766 897 833 950 75
855 895 1022 953 crede
1068 893 1232 964 meiS,
1282 911 1314 953 o
1364 894 1552 964 docte,
1602 893 1772 951 malis
1818 910 2072 966 ueroque
2121 894 2329 963 dolori,

856 984 1009 1057 quod
1055 983 1181 1042 sine
1226 989 1284 1040 te
1328 983 1519 1041 nullos
1564 982 1913 1056 promittunt
1959 984 2199 1041 carbasa
2244 986 2450 1057 portus

856 1089 1228 1146 erramusque
1274 1072 1479 1145 procul
1524 1073 1760 1130 turbata
1796 1089 1901 1144 per
1946 1089 2202 1145 aequora
2246 1073 2422 1143 uitae,

852 1162 1202 1236 praecipites
1249 1162 1431 1219 densa
1476 1160 1657 1219 ueluti
1709 1160 1956 1235 caligine
2004 1164 2236 1229 nautae,

855 1267 998 1324 quos
1042 1251 1202 1310 furor
1245 1250 1518 1308 australis
1565 1249 1820 1308 stridens
1868 1252 1927 1308 et
1969 1251 2143 1309 flatus
2189 1252 2262 1309 ab
2309 1252 2461 1309 Euro

767 1341 837 1395 80
856 1339 1105 1413 perculit
1152 1341 1210 1397 et
1253 1340 1438 1414 raptis
1484 1339 1741 1412 priuauit
1784 1340 1954 1397 turbo
2001 1339 2325 1413 magistris3

854 1429 1119 1502 protinus
1166 1428 1429 1501 abruptis
1474 1427 1670 1486 miseri
1718 1429 2032 1487 uoluunt-ur
2076 1428 2138 1486 in
2185 1430 2380 1498 undiS‚

854 1534 971 1576 non
1016 1518 1176 1577 forus
1224 1520 1324 1575 aut
1367 1535 1592 1590 prorae,
1641 1535 1757 1576 non
1805 1517 1988 1576 lintea
2036 1519 2246 1578 deinde
2291 1520 2578 1593 procellas

852 1607 1003 1665 ferre
1051 1607 1253 1665 ualent
1295 1607 1555 1680 ratioque
1602 1606 1756 1665 iacet
1800 1607 2130 1682 stupefacta
2175 1608 2443 1683 regendi:

855 1695 940 1754 sic
984 1714 1074 1754 me
1121 1699 1329 1754 uentus
1376 1696 1499 1769 agit
1542 1696 1900 1769 uoluuntque
1948 1696 2239 1770 cupidinis
2285 1704 2481 1756 aestus

765 1785 834 1839 85
853 1784 915 1842 in
960 1802 1116 1843 mare
1160 1784 1470 1843 letiferum.
1518 1802 1626 1843 nec
1674 1788 1864 1844 terrae
1910 1778 2176 1859 protinus
2223 1788 2456 1857 absunt,

855 1874 957 1931 sed
1001 1890 1222 1931 mecum
1271 1876 1547 1946 reputans
1592 1877 1695 1932 tua
1743 1875 1993 1933 candida
2037 1877 2236 1944 uerba,
2286 1876 2582 1950 magister,

853 1963 997 2020 haec
1041 1963 1230 2036 magis
1278 1979 1405 2021 esse
1452 1979 1583 2022 reor
1627 1963 1736 2022 tibi
1786 1965 2048 2023 credere:
2097 1962 2333 2023 ‘callida
2378 1983 2471 2024 res
2520 1970 2627 2037 est,

858 2051 1072 2124 decipit
1118 2054 1291 2126 atque
1339 2052 1547 2110 animis
1593 2052 1829 2111 molitur
1874 2054 2023 2111 retia
2067 2050 2331 2113 nostris?

854 2140 1198 2214 praeteritos
1244 2141 1457 2200 oblitus
1505 2142 1673 2212 enim,
1724 2143 2058 2216 praesentia
2102 2147 2336 2218 praesto

767 2231 837 2284 90
856 2246 1010 2288 nunc
1056 2230 1163 2288 tibi
1211 2247 1363 2301 cara,
1413 2233 1511 2289 tuo
1558 2248 1664 2289 nos
1711 2249 1826 2290 non
1876 2234 1946 2291 de
1991 2236 2224 2306 pectore
2269 2233 2444 2307 lapsi.

859 2318 910 2377 ei
957 2318 1097 2376 mihi
1145 2337 1256 2393 quo
1303 2319 1477 2393 ferar,
1526 2321 1680 2379 unde
1727 2321 1899 2380 uelim
1946 2322 2057 2380 tibi
2103 2325 2360 2396 pandere
2408 2327 2686 2383 mentem!

855 2410 988 2467 ante
1036 2410 1142 2466 sub
1190 2412 1386 2483 Aegeo
1435 2411 1720 2483 aptabunt
1763 2410 1863 2483 pia
1906 2413 2064 2470 tecta
2106 2413 2409 2486 palumbes

859 2501 917 2556 et
960 2514 1132 2556 uersa
1178 2499 1415 2572 alcyone
1463 2502 1772 2572 componat
1815 2501 1877 2558 in
1924 2502 2126 2560 arbore
2173 2502 2363 2573 nidOS,

856 2587 1117 2646 esuriens
1163 2588 1378 2646 uitulos
1426 2589 1547 2646 alat
1592 2591 1728 2645 ante
1774 2589 1984 2648 leaena
2030 2608 2311 2665 sequaces

767 2678 836 2732 95
859 2680 1031 2750 atque
1077 2677 1312 2751 inpasta
1359 2676 1457 2735 diu
1502 2679 1735 2736 teneros
1781 2678 1921 2752 lupa
1966 2681 2188 2739 nutriat
2234 2699 2417 2755 agnos

855 2768 1260 2840 mutantesque
1308 2766 1428 2824 suis
1477 2766 1729 2825 diuisum
1775 2769 2040 2841 partibus
2088 2771 2282 2829 orbem

857 2857 958 2913 aut
1001 2857 1294 2914 Barcaeus
1342 2858 1469 2914 aret
1514 2856 1765 2915 Taurum
1812 2860 1913 2915 aut
1957 2859 2254 2933 Hyrcania
2297 2861 2550 2932 Maur08‚

771 3055 835 3112 10
875 3056 1032 3128 Verg.
1069 3059 1204 3114 Aen.
1243 3059 1292 3113 V
1329 3059 1432 3113 867
1545 3060 1612 3113 13
1653 3059 1812 3114 Ouid.
1853 3060 2014 3116 Trist.
2052 3063 2078 3115 I
2117 3065 2167 3127 2,
2208 3063 2275 3117 32

663 3181 688 3233 1
730 3181 870 3246 ania,
910 3200 1046 3238 corr.
1085 3202 1154 3238 m.
1191 3188 1223 3237 1
1259 3184 1442 3238 inania
1469 3186 1544 3238 M
1644 3186 1779 3239 recti
1815 3186 1890 3239 M
1922 3188 2025 3240 reti
2061 3187 2117 3242 R
2153 3189 2288 3242 tecti
2324 3189 2403 3241 P²
2438 3188 2593 3255 edd.;
2630 3188 2700 3255 cf.
2730 3185 2872 3240 Stat.

590 3267 734 3323 Situ.
773 3272 852 3325 II
887 3277 938 3335 7,
983 3278 1018 3327 6
1069 3274 1410 3328 ‘culminibus
1448 3275 1648 3341 Remi'3
1687 3275 1888 3329 Remus
1925 3276 2066 3330 sicut
2104 3274 2285 3347 Ρῆμος
2325 3283 2375 3331 et
2410 3274 2599 3347 Ρῶμος
2627 3274 2872 3343 (Anthoz.

588 3357 719 3414 Pal.
756 3381 839 3433 yr.
876 3368 1079 3435 11·19;
1114 3366 1276 3422 Suid.
1316 3385 1358 3423 s.
1398 3385 1451 3422 u.
1494 3367 1805 3440 βρουμάλια)
1910 3369 1941 3421 2
1979 3369 2312 3439 bacatasque
2350 3370 2425 3423 M
2530 3369 2718 3423 domus
2757 3366 2872 3423 edd.

658 3459 957 3527 uanosque]
993 3454 1338 3527 sua!nosque
1375 3457 1451 3510 M
1551 3457 1584 3510 3
1624 3457 1916 3511 disererem
1954 3457 2020 3510 K
2126 3459 2156 3511 7
2198 3475 2294 3527 per
2331 3475 2433 3513 om.
2472 3458 2546 3512 M
2650 3458 2718 3513 10
2754 3472 2872 3527 per-

586 3536 719 3591 tulit
747 3542 803 3596 R
944 3547 1191 3602 turbauit
1225 3547 1282 3602 R
1394 3546 1458 3599 12
1498 3547 1645 3599 sorus
1685 3563 1751 3600 ex
1785 3545 1951 3600 forais
1987 3565 2057 3601 m.
2094 3552 2159 3601 ut
2192 3547 2308 3601 uid.
2347 3551 2378 3600 1
2412 3547 2488 3600 M
2624 3562 2782 3617 prora
2806 3543 2880 3598 M

589 3626 655 3679 13
695 3627 838 3686 iacet
865 3651 965 3694 om.
994 3638 1051 3694 R
1161 3640 1229 3693 14
1268 3637 1495 3708 cupidiS,
1524 3653 1593 3690 m.
1625 3640 1665 3690 2
1693 3636 1964 3706 cupidinis
1988 3636 2059 3689 M
2169 3636 2236 3690 15
2264 3653 2363 3690 nec
2392 3654 2458 3691 ex
2483 3653 2625 3690 nunc
2652 3653 2721 3689 m.
2746 3638 2777 3688 1
2800 3634 2877 3686 Ρ2

656 3717 876 3793 absunt]
919 3728 1119 3782 adsunt
1155 3727 1531 3784 Baehrensius
1567 3743 1633 3782 ex
1677 3726 2019 3793 Wernsdorfi
2056 3728 2371 3781 coniectura
2544 3727 2611 3780 16
2651 3721 2875 3778 candida

596 3818 697 3859 ⁰²²²·
733 3808 811 3862 M
913 3816 984 3871 20
1021 3818 1178 3872 charo
1218 3835 1244 3873 e
1282 3817 1440 3872 chare
1476 3818 1513 3884 f
1525 3816 1545 3870 l
1564 3833 1665 3870 rm
1705 3832 1822 3869 care
1870 3816 2277 3883 Wernsdorfius
2313 3814 2686 3870 Baehrensius
2778 3828 2875 3865 nos

582 3905 692 3945 non
728 3901 955 3972 smpsi5
988 3924 1085 3961 nos
1123 3925 1222 3962 nos
1250 3908 1384 3963 RP2
1421 3909 1589 3976 (post.
1628 3922 1729 3959 nos
1764 3921 1809 3960 8.
1845 3923 1901 3960 u.
1939 3923 2008 3960 m.
2048 3911 2098 3973 1)
2139 3923 2239 3959 nos
2267 3905 2334 3958 K
2357 3922 2456 3958 nos
2482 3920 2624 3958 nunc
2649 3902 2726 3957 M
2754 3900 2874 3955 edd.

581 3977 650 4032 21
690 3981 781 4038 hei
811 4006 896 4045 ae
931 3993 1037 4049 heu
1077 4003 1195 4054 cett.
1235 3997 1354 4053 edd.
1466 3996 1536 4049 22
1568 3994 1840 4066 optabunt
1863 3995 2058 4049 MRK
2091 3995 2209 4051 edd.
2241 4001 2468 4063 praeter
2491 4011 2545 4048 m
2652 3992 2721 4046 23
2751 3989 2874 4044 alti-

582 4082 684 4121 one
720 4072 779 4129 R
924 4090 1211 4157 componet
1245 4104 1299 4140 m
1445 4087 1515 4138 24
1553 4085 1667 4138 alat
1705 4086 1854 4155 ante]
1898 4102 1928 4138 a
1965 4082 2239 4139 lactanlte
2276 4084 2352 4138 M
2393 4086 2504 4137 alet
2552 4086 2678 4137 ante
2713 4080 2791 4134 P²
2823 4095 2876 4133 m

651 4156 837 4220 leenas
877 4187 1106 4242 equaces
1142 4177 1218 4231 M
1322 4177 1392 4231 25
1429 4176 1639 4228 nutriet
1673 4191 1729 4228 m
1837 4176 1906 4229 26
1944 4174 2079 4244 suis]
2121 4190 2278 4228 suum
2302 4172 2381 4227 Ρ2
2487 4174 2555 4226 27
2583 4167 2874 4238 Barcaeus]

577 4259 741 4312 parca
781 4256 848 4309 ei'
876 4259 954 4314 M
1095 4269 1212 4321 aret
1239 4270 1417 4320 tarum
1446 4265 1521 4318 M
1543 4267 1690 4318 arcet
1718 4266 1934 4318 taurum
1960 4263 2017 4318 R
2047 4267 2385 4318 arectaurum
2413 4261 2480 4317 K
2501 4261 2614 4315 alet
2642 4258 2874 4313 Taurum

2911 1363 2964 1403 10

2912 1805 2962 1845 15

2907 2249 2959 2291 20

2908 2697 2958 2736 25
