3392 4917
591 291 675 357 86
1290 288 1341 342 S.
1401 288 1672 342 Aureli
1730 286 2166 363 Augustini

502 481 541 542 4
682 482 750 549 Si
813 502 1038 548 uersus
1103 486 1256 547 tuus
1320 482 1659 546 momentis
1706 481 2079 545 inordinatis
2153 497 2490 562 peruersus
2568 480 2757 554 esset,
2825 478 2880 543 si

591 590 726 655 suis
771 589 1023 675 legibus
1071 608 1194 654 non
1242 591 1459 665 staret,
1501 588 1555 652 si
1593 589 1909 653 mensuris
1947 586 2276 668 inparibus
2315 604 2532 650 aurem
2571 585 2880 650 auditoris

592 696 953 774 offenderet,
1002 696 1268 778 puderet
1310 699 1375 761 te
1424 698 1590 760 certe
1637 714 1753 760 nec
1801 694 2081 759 differres
2121 712 2234 757 nec
2275 692 2639 770 desisteres,
2680 691 2880 757 donec

596 804 940 882 ordinareS,
1007 803 1372 888 corrigeres,
1443 805 1778 879 statuereS,
1845 820 2147 884 aequares
2219 819 2477 865 uersum
2542 801 2726 861 tuum
2793 796 2881 861 di-

596 911 829 976 scendo
880 912 944 975 et
992 911 1232 995 agendo
1283 913 1479 974 artem
1533 909 1859 974 metricam
1909 908 2209 973 acerrimo
2260 906 2471 971 studio
2541 907 2605 970 et
2664 905 2883 969 labore
2943 922 2971 966 5

595 1016 900 1099 quolibet.
950 1016 1124 1098 quid,
1176 1035 1318 1080 cum
1366 1016 1764 1081 inordinatus
1810 1014 1949 1097 ipse
1995 1013 2399 1095 peruerteriS,
2442 1031 2588 1077 cum
2625 1009 2880 1095 legibus

596 1122 694 1187 dei
740 1123 839 1186 tui
883 1122 1022 1205 ipse
1068 1142 1190 1187 non
1240 1126 1374 1187 stas
1423 1141 1625 1203 neque
1673 1121 1738 1185 in
1785 1120 2029 1206 agenda
2072 1119 2211 1183 uita
2273 1118 2560 1183 honestis
2625 1117 2883 1182 tuorum

595 1228 766 1294 uotis
815 1232 879 1293 et
926 1229 1075 1293 huic
1129 1229 1256 1312 ipsi
1318 1228 1657 1293 eruditioni
1702 1230 1851 1292 tuae
1917 1226 2220 1306 concinis,
2270 1224 2671 1290 abiciendum
2736 1224 2886 1306 post

594 1339 846 1420 tergum
892 1338 1083 1418 putas
1133 1338 1198 1400 et
1242 1334 1755 1419 neglegendum?
1804 1333 1987 1415 quasi
2032 1351 2179 1416 prae
2227 1350 2383 1397 sono
2432 1330 2689 1414 linguae
2736 1332 2883 1392 tuae

598 1442 685 1508 sis
733 1442 853 1505 tibi
898 1442 1090 1507 uilior
1137 1445 1219 1519 et,
1267 1440 1711 1523 incompositis
1776 1439 2062 1504 moribus
2130 1438 2300 1521 quod
2367 1436 2633 1502 offendis
2701 1453 2882 1499 aures
2920 1457 2975 1495 ιο

596 1547 726 1626 dei,
790 1548 1002 1613 leuius
1073 1548 1184 1625 sit,
1253 1567 1441 1631 quam
1507 1548 1561 1612 si
1625 1545 2072 1629 incompositis
2110 1526 2400 1629 'syllabis
2474 1543 2606 1608 tuis
2682 1560 2882 1625 gram-

595 1655 829 1720 matica
875 1657 1277 1720 suscenseret
1323 1653 1689 1718 auctoritas.
1739 1653 1993 1719 scribis:

813 1760 863 1825 Ο
913 1760 1072 1825 mihi
1116 1763 1471 1826 transactos
1519 1762 1780 1824 reuocet
1826 1759 1881 1822 si
1928 1757 2198 1841 pristina
2244 1758 2414 1822 soles

813 1867 1105 1933 laetificis
1153 1886 1379 1932 aurora
1422 1866 1600 1944 rotie,
1651 1884 1811 1947 quos
1857 1865 2054 1930 libera
2098 1867 2317 1929 tecum

816 1974 946 2039 otia
991 1976 1375 2055 temptantes
1427 1976 1492 2038 et
1538 1971 1804 2036 candida
1848 1972 1987 2035 iura
2031 1972 2342 2035 bonorum
2925 2012 2976 2051 ,ὁ

816 2079 1107 2143 duximus
1155 2077 1378 2142 Italiae
1425 2076 1634 2142 medio
1682 2078 2057 2158 montesque
2103 2095 2216 2159 per
2262 2076 2464 2140 altos!

813 2204 937 2250 non
984 2204 1085 2249 me
1136 2183 1291 2248 dura
1336 2184 1485 2268 gelu
1532 2183 1940 2266 prohiberent
1984 2181 2221 2266 frigora
2268 2200 2422 2246 cano

815 2311 927 2356 nec
973 2291 1105 2355 fera
1150 2293 1498 2372 tempestas
1546 2289 1905 2372 Zephyrum
1952 2287 2370 2369 fremitusque
2417 2287 2653 2363 Borini‚

819 2397 968 2481 quin
1016 2401 1131 2462 tua
1178 2395 1453 2461 sollicito
1500 2413 1849 2477 premerem
1895 2394 2171 2477 uestigia
2215 2412 2432 2476 passu.

808 2501 936 2570 'hoc
983 2522 1143 2586 opus
1190 2505 1264 2567 ut
1303 2501 1528 2566 iubeas
1574 2503 1844 2565 tantum.
2923 2547 2978 2586 20

689 2613 795 2677 Me
841 2610 1166 2686 miserum,
1217 2608 1272 2671 si
1319 2626 1437 2692 ego
1486 2626 1608 2671 non
1654 2607 1864 2682 iubeo,
1916 2607 1973 2670 si
2018 2625 2139 2671 non
2188 2624 2347 2690 cogo
2397 2608 2586 2688 atque
2622 2605 2884 2688 impero,

606 2719 661 2784 si
727 2737 851 2782 non
915 2734 1069 2800 rogo
1139 2733 1211 2779 ac
1278 2713 1588 2796 supplico.
1650 2713 1760 2777 sed
1820 2713 1876 2776 si
1931 2731 2115 2777 aures
2160 2717 2309 2776 tuae
2359 2711 2665 2776 aduersus
2712 2730 2888 2776 meas

604 2844 797 2891 uoces
865 2824 1114 2888 clausae
1185 2823 1354 2895 sunt,
1424 2819 1515 2884 ori
1571 2822 1689 2909 ,tuo
1755 2821 2033 2902 pateant,
2098 2821 2355 2900 pateant
2422 2817 2683 2883 carmini
2745 2820 2889 2894 tuo;

608 2930 832 2995 exaudi
896 2931 959 2993 te
1033 2928 1265 3011 ipsum,
1334 2925 1690 3004 durissime,
1759 2925 2241 3003 immanissime,
2309 2924 2701 2991 surdissime.
2768 2942 2891 3007 quo

787 3103 997 3157 13-—20
1036 3127 1102 3149 =
1142 3120 1193 3172 p.
1235 3103 1323 3166 91,
1362 3102 1539 3156 3—10

683 3229 708 3282 1
750 3227 952 3297 Incipit
1000 3227 1235 3296 epistula
1281 3226 1558 3296 augustini
1606 3225 1674 3280 ad
1719 3226 1999 3280 licentium
2035 3226 2110 3280 M
2149 3226 2282 3280 item
2331 3225 2568 3293 epistula
2613 3222 2893 3293 augustini

610 3317 678 3371 ad
716 3316 943 3371 eundem
978 3315 1258 3369 licentium
1285 3315 1341 3369 R
1377 3314 1572 3385 incipit
1608 3315 1847 3385 epistula
1884 3316 2058 3369 sancti
2096 3315 2376 3385 augustini
2414 3314 2483 3367 ad
2509 3313 2787 3367 licentium
2804 3309 2896 3365 ·Ρ2

610 3406 929 3476 augustinus
968 3404 1037 3458 ad
1071 3403 1352 3458 licentium
1390 3404 1457 3457 K
1579 3405 1612 3458 2
1651 3419 1806 3458 aures
1844 3404 1964 3458 edd.
2086 3405 2117 3458 3
2155 3403 2446 3457 desisteret
2480 3402 2546 3455 K
2659 3403 2695 3456 4
2733 3399 2895 3456 corri-

612 3510 765 3565 geres
804 3492 1077 3547 ordinares
1113 3492 1169 3547 R
1252 3493 1285 3546 6
1323 3492 1469 3562 quod
1504 3493 1581 3547 M
1719 3495 2052 3561 peruerteres
2089 3491 2164 3545 M
2243 3493 2273 3545 7
2310 3491 2416 3560 tui]
2456 3493 2519 3545 tu
2555 3490 2621 3545 K
2698 3489 2731 3544 8
2760 3489 2895 3559 ipse.

611 3598 747 3638 corr.
789 3585 876 3648 (m.
915 3580 1016 3649 1?)
1055 3580 1161 3652 ipsi
1197 3581 1272 3635 M
1411 3581 1687 3645 concinnis
1722 3581 1799 3633 M
1938 3583 2252 3650 postergum
2289 3580 2364 3634 M
2527 3581 2560 3633 9
2601 3585 2707 3648 qua
2745 3578 2790 3631 si
2828 3575 2901 3630 M

681 3685 909 3739 presono
946 3668 1003 3724 R
1143 3670 1295 3738 tuae]
1338 3671 1395 3723 et
1429 3685 1562 3723 uoce
1599 3667 1679 3721 122
1779 3668 1843 3723 10
1882 3667 2027 3736 quod
2064 3668 2084 3720 i
2122 3667 2351 3722 offendis
2390 3668 2432 3735 (i
2468 3683 2587 3736 exp.
2625 3683 2694 3721 m.
2732 3670 2782 3731 1)
2820 3663 2898 3718 12²

615 3759 676 3812 11
719 3757 965 3827 syllabis]
1005 3757 1245 3812 moribus
1284 3757 1491 3811 sillabis
1529 3756 1789 3828 (moribus
1828 3757 1952 3825 del.)
1992 3756 2058 3810 K
2200 3757 2266 3810 12
2304 3757 2642 3810 succenseret
2679 3770 2745 3809 ex
2781 3771 2897 3807 sus·

612 3849 858 3901 censerat
892 3847 959 3900 K
1101 3847 1169 3900 13
1206 3847 1272 3901 K
1306 3846 1475 3900 initia
1512 3851 1731 3900 tantum
1765 3861 2025 3900 uersuum
2059 3845 2250 3899 habet:
2299 3862 2329 3898 6
2367 3844 2503 3898 mihi
2539 3848 2691 3898 trans
2730 3846 2897 3897 actOS.

612 3935 880 3991 laetificis
920 3936 1032 3989 otia
1068 3939 1418 4005 temptantes.
1460 3935 1707 3988 duximus
1744 3934 1952 3989 italiae.
1988 3951 2095 3988 non
2135 3951 2221 3988 me
2260 3933 2409 3988 dura.
2460 3948 2560 3987 1166
2596 3931 2725 3986 fera.
2768 3930 2899 3999 quin

611 4026 724 4080 tua.
745 4023 846 4077 hoc
867 4041 999 4094 opus
1022 4025 1222 4079 addita
1243 4024 1604 4078 adnotatione
1621 4026 1684 4076 ut
1704 4039 1864 4091 supra
1941 4022 2005 4075 17
2025 4040 2133 4076 non
2155 4039 2220 4077 ex
2238 4039 2337 4077 nec
2354 4039 2424 4078 m.
2444 4027 2475 4076 1
2493 4019 2570 4074 P²
2642 4017 2899 4074 181111111-

611 4115 809 4182 tusque
828 4113 884 4167 R
968 4113 1033 4165 21
1057 4112 1103 4165 si
1130 4118 1260 4166 ante
1288 4128 1386 4180 ego
1416 4126 1516 4165 om.
1538 4109 1613 4164 M
1680 4110 1750 4163 22
1771 4113 1932 4180 atque
1951 4108 2029 4163 P²
2135 4126 2295 4165 uoces
2312 4110 2524 4166 measR
2597 4110 2667 4163 24
2688 4109 2900 4163 exadite

611 4200 808 4270 ipsum,
847 4216 982 4254 corr.
1020 4217 1088 4255 m.
1125 4206 1156 4253 1
1195 4199 1386 4254 exaudi
1422 4202 1478 4252 te
1516 4200 1692 4270 ipsum
1730 4199 1806 4251 M
1838 4199 2086 4253 exaudite
2126 4201 2177 4268 (e
2215 4215 2282 4254 ex
2318 4201 2479 4266 corr.)
2517 4199 2695 4269 ipsum
2732 4198 2797 4251 K
