3392 4917
1226 344 1754 414 epistularum
1811 344 1933 398 VII.
1989 344 2138 399 VIII.
2735 350 2813 411 19

530 542 659 618 ille,
708 559 830 623 quo
878 543 1148 605 utuntur
1205 540 1561 622 superiores
1616 542 1996 622 potestates,
2057 560 2211 622 quas
2271 542 2580 606 caelestes
2635 542 2818 606 intel-

529 647 660 730 legi
706 649 875 725 uolo‚
927 666 1072 711 cum
1129 646 1220 711 eis
1276 647 1491 729 placet
1544 645 1727 711 nobis
1784 646 2244 711 dormientibus
2305 647 2518 730 aliqua
2573 649 2818 713 somnia

531 753 1011 818 demonstrare?
1085 752 1214 835 qui,
1270 754 1548 834 inquam,
1606 752 1836 818 modus
1894 755 2044 818 est?
2090 752 2156 816 id
2204 754 2322 831 est,
2382 753 2695 835 quomodo
2752 755 2818 817 id

528 858 791 935 faciunt,
858 878 981 940 qua
1044 861 1197 936 arte,
1266 859 1498 942 quibus
1562 859 1892 943 manganis
1950 859 2310 942 quibusque
2375 859 2817 925 instrumentis

470 986 495 1023 5
531 967 642 1029 aut
686 964 1221 1029 medicamentis}>
1287 965 1649 1029 animumne
1706 968 1996 1030 nostrum
2044 984 2156 1048 per
2201 965 2624 1049 cogitationes
2672 986 2818 1031 suas

447 1521 498 1560 10

442 2052 492 2090 15

529 1071 863 1152 inpellunt,
911 1074 986 1135 ut
1030 1090 1145 1136 nos
1196 1071 1388 1136 etiam
1436 1091 1510 1136 ea
1556 1072 1894 1156 cogitando
1941 1072 2416 1156 imaginemur?
2464 1092 2541 1136 an
2579 1072 2718 1155 ipsa
2752 1071 2817 1136 in

531 1196 647 1241 suo
715 1195 971 1260 corpore
1035 1179 1143 1242 uel
1204 1178 1270 1240 in
1337 1197 1451 1241 sua
1510 1177 1851 1260 phantasia
1921 1178 2091 1252 facta
2161 1178 2356 1243 nobis
2421 1178 2691 1243 offerunt
2755 1181 2819 1243 et

533 1284 923 1348 ostendunt?
989 1284 1102 1349 sed
1150 1285 1206 1349 si
1250 1283 1314 1348 in
1365 1304 1481 1350 suo
1530 1304 1787 1366 corpore
1838 1304 1911 1349 ea
1966 1285 2228 1363 faciunt,
2280 1284 2586 1367 sequitur,
2635 1288 2710 1349 ut
2756 1288 2819 1349 et

531 1392 643 1454 nos
710 1390 896 1481 alios,
935 1391 1155 1455 oculos
1223 1409 1554 1472 corporeos
1617 1391 2003 1456 intrinsecus
2067 1391 2436 1468 habeamus,
2488 1409 2634 1455 cum
2682 1391 2817 1456 dor-

531 1495 785 1572 mimus,
835 1495 1067 1578 quibus
1118 1516 1190 1561 ea
1235 1497 1590 1575 uideamus,
1641 1517 1802 1580 quae
1851 1496 1949 1561 illi
1996 1496 2060 1560 in
2111 1515 2226 1561 suo
2277 1515 2533 1578 corpore
2589 1497 2816 1562 forma-

529 1605 780 1666 uerunt.
869 1603 965 1666 sin
1029 1622 1181 1668 uero
1240 1603 1319 1667 ad
1371 1603 1531 1668 istas
1585 1623 1685 1667 res
1741 1622 1867 1667 non
1924 1620 2180 1686 corpore
2247 1603 2625 1667 adiuuantur
2679 1622 2815 1680 suo,

531 1709 642 1773 sed
694 1709 759 1773 in
812 1709 1212 1790 phantastico
1269 1729 1386 1774 suo
1442 1710 1571 1774 ista
1625 1710 1973 1793 disponunt
2029 1711 2216 1791 atque
2271 1708 2364 1772 ita
2416 1709 2818 1792 phantastica

529 1818 745 1880 nostra
782 1816 1160 1900 contingunt
1197 1819 1260 1881 et
1295 1817 1369 1882 fit
1405 1817 1643 1895 uisum,
1684 1816 1856 1899 quod
1895 1818 1994 1881 est
2031 1815 2370 1894 somnium,
2412 1834 2539 1893 cur,
2581 1835 2815 1898 quaeso

527 1924 612 1998 te,
670 1942 793 1986 non
849 1943 965 2007 ego
1021 1923 1421 2006 phantastico
1479 1943 1620 1989 meo
1675 1926 1863 1988 tuum
1918 1922 2394 2005 phantasticum
2443 1941 2519 1986 ea
2573 1923 2816 1987 somnia

529 2047 824 2112 generare
898 2030 1235 2112 compello,
1311 2048 1471 2111 quae
1534 2029 1694 2092 mihi
1757 2029 1958 2111 primo
2024 2029 2089 2092 in
2158 2048 2229 2094 eo
2295 2029 2433 2111 ipse
2496 2028 2815 2095 formaui‘?

529 2137 697 2199 certe
744 2137 808 2200 et
851 2135 1008 2199 mihi
1057 2138 1157 2200 est
1198 2135 1533 2217 phantasia
1580 2139 1662 2215 et,
1715 2135 1885 2219 quod
1942 2136 2114 2213 uolo,
2172 2135 2344 2217 potis
2405 2138 2504 2200 est
2558 2134 2812 2219 fingere,

529 2260 675 2305 cum
731 2242 982 2307 omnino
1040 2242 1291 2306 nullum
1343 2242 1467 2305 tibi
1519 2241 1682 2307 facio
1743 2242 2080 2320 somnium,
2140 2241 2253 2306 sed
2315 2239 2529 2324 ipsum
2588 2259 2814 2322 corpus

527 2350 817 2412 nostrum
864 2348 1051 2414 uideo
1098 2347 1163 2413 in
1210 2348 1391 2414 nobis
1440 2349 1685 2414 somnia
1732 2368 2050 2432 generare.
2125 2368 2267 2412 nam
2327 2367 2472 2413 cum
2529 2366 2597 2411 se
2651 2348 2816 2411 male

527 2453 836 2532 habuerit,
893 2472 1006 2537 per
1063 2454 1381 2532 affectum,
1440 2473 1563 2536 quo
1622 2454 1868 2519 animae
1926 2454 2282 2537 copulatur,
2345 2452 2518 2536 cogit
2573 2471 2687 2517 nos
2748 2453 2817 2516 id

439 2583 491 2621 20
524 2560 740 2642 ipsum
803 2561 983 2625 miris
1048 2561 1257 2627 modis
1323 2581 1435 2644 per
1494 2561 1869 2644 phantasian
1938 2560 2340 2625 assimulare.
2425 2577 2612 2641 saepe
2680 2557 2815 2621 dor-

440 3122 492 3161 25

526 2666 795 2732 mientes
852 2687 999 2732 cum
1056 2668 1333 2747 sitimuS‚
1388 2668 1602 2733 bibere
1661 2669 2057 2734 somniamus
2116 2669 2181 2731 et
2238 2664 2588 2731 esurientes
2636 2664 2817 2746 quasi

528 2773 931 2838 comedentes
988 2774 1284 2840 uidemur
1339 2778 1404 2839 et
1457 2776 1663 2839 multa
1725 2775 1898 2852 talia,
1968 2792 2128 2857 quae
2193 2772 2373 2856 quasi
2438 2770 2815 2835 commercio

529 2880 801 2961 quodam
849 2900 885 2945 a
931 2899 1188 2964 corpore
1233 2881 1300 2944 in
1347 2881 1620 2947 animam
1665 2881 2068 2964 phantastice
2115 2879 2603 2943 transferuntur.
2658 2876 2816 2941 haec

527 3005 638 3066 pro
715 2986 817 3050 sui
885 2987 1275 3053 obscuritate
1339 3007 1450 3071 pro
1514 2991 1860 3070 nostraque
1934 2986 2232 3069 inperitia
2307 3004 2384 3048 ne
2449 2982 2697 3046 mireris
2760 2983 2816 3046 si

528 3091 739 3156 minus
807 3088 1145 3177 eleganter
1190 3094 1527 3177 minusque
1593 3093 1919 3159 subtiliter
1984 3092 2294 3176 explicata
2361 3092 2546 3165 sunt3
2612 3091 2686 3151 tu
2748 3087 2815 3152 id

529 3199 752 3278 facere,
803 3202 1108 3282 quantum
1156 3200 1415 3284 poteris,
1461 3200 1798 3265 laborabis.

597 3539 629 3591 2
669 3540 768 3610 eis]
811 3542 952 3594 enim
989 3543 1044 3595 P
1185 3543 1341 3611 signa
1379 3542 1434 3594 P
1564 3543 1601 3596 4
1639 3540 1933 3610 quibusuue
1969 3541 2026 3594 L
2066 3541 2332 3612 quibusue
2367 3559 2469 3597 sm
2610 3545 2813 3597 instru-

530 3630 670 3682 entis
707 3629 761 3681 L
867 3631 899 3684 5
935 3630 1340 3684 meditamentis
1376 3631 1433 3683 P
1572 3647 1668 3700 per
1706 3629 2047 3684 contationes
2073 3631 2128 3683 P
2232 3632 2267 3684 8
2305 3632 2352 3684 si
2391 3648 2513 3698 om„
2549 3638 2722 3699 supra
2756 3649 2809 3685 u.

530 3718 658 3772 add.
685 3717 761 3771 Ρ1
871 3720 937 3773 10
977 3721 1061 3788 ea]
1101 3720 1200 3774 illa
1236 3719 1359 3774 edd.
1502 3719 1859 3772 formauerint
1884 3720 1956 3772 m'
2033 3720 2095 3773 11
2137 3720 2183 3772 si
2224 3719 2345 3773 edd.
2440 3719 2506 3772 12
2545 3719 2602 3772 in
2631 3735 2732 3773 om.
2762 3720 2816 3772 P

598 3809 694 3873 ita,
732 3824 870 3863 corr.
906 3809 1015 3862 ista
1047 3808 1129 3862 1³¹
1234 3810 1302 3863 15
1341 3808 1606 3877 cumpello
1646 3806 1776 3860 LP¹
1814 3811 1974 3875 (corr.
2015 3808 2303 3877 compello)
2411 3808 2583 3877 primo
2621 3823 2724 3861 om.
2762 3808 2817 3860 P

597 3898 716 3967 ipso
763 3898 818 3951 P
926 3898 992 3952 16
1036 3900 1214 3966 potes,
1260 3914 1396 3952 corr.
1445 3915 1513 3953 m.
1562 3902 1594 3949 1
1629 3899 1822 3966 potens
1860 3896 1914 3948 L
1949 3901 2144 3967 potens
2181 3896 2254 3950 Ρ1
2291 3896 2413 3950 cdd.
2526 3896 2594 3950 17
2634 3912 2726 3949 cur
2761 3897 2817 3949 P

532 3985 598 4040 18
636 3987 813 4055 nobis]
851 3986 1098 4039 omnibns
1120 3986 1189 4039 ·L
1331 3987 1563 4055 somnia]
1605 3985 1787 4038 omnia
1821 3985 1878 4038 P
2026 4002 2084 4038 se
2121 3984 2284 4054 male]
2322 3986 2490 4039 semel
2525 3983 2653 4038 LP¹
2690 3984 2810 4040 edd.

533 4073 597 4126 19
635 4073 692 4126 id
725 4090 839 4128 ras,
878 4091 944 4128 ex
980 4073 1050 4128 ad
1086 4075 1140 4127 L
1245 4075 1314 4129 20
1351 4091 1448 4145 per
1483 4074 1830 4145 phantasiam
1867 4090 1966 4127 nos
2005 4074 2257 4127 simulare
2286 4073 2415 4128 LP¹
2453 4090 2548 4144 per
2581 4072 2810 4141 phanta-

529 4162 664 4215 siam
700 4161 955 4216 simulare
991 4162 1112 4215 edd.
1186 4164 1249 4216 21
1292 4163 1528 4232 sitimus]
1569 4165 1645 4217 sit
1670 4164 1851 4233 ipsum
1878 4163 1935 4216 P
2041 4165 2373 4218 somniamur
2395 4163 2449 4215 L
2529 4164 2599 4216 22
2626 4163 2736 4216 alia
2762 4163 2818 4215 P

531 4250 599 4303 23
632 4250 690 4302 in
726 4251 907 4304 anima
942 4252 998 4304 P

2594 4295 2706 4410 2²⁸?
