3392 4917
456 1078 481 1117 5

386 1157 418 1218 1
454 1145 459 1150 .

429 1612 478 1650 10

432 2139 481 2177 15

391 3177 489 3239 22⁵

1259 328 1797 397 epistularum
1852 327 1917 381 X.
1972 327 2070 383 XI.
2723 332 2807 394 25

519 522 621 601 sit,
680 541 869 605 quam
928 525 1096 587 certe
1151 523 1345 586 frater
1399 522 1622 587 Victor
1676 540 1802 587 non
1859 523 2114 600 deserit,
2172 526 2244 587 tu
2308 524 2513 587 multo
2578 523 2806 588 melius

518 629 712 693 calles
779 647 969 711 quam
1035 648 1173 713 ego.
1250 629 1374 692 alia
1442 629 1738 707 scribere,
1804 648 1882 692 ne
1948 630 2013 692 te
2080 630 2156 693 ab
2222 629 2349 693 ista
2424 628 2807 713 cogitatione

517 737 892 812 auerterem,
939 735 1135 799 nolui.

1602 928 1712 991 XI.

1226 1048 1279 1103 N
1281 1047 1584 1103 EBRIDIO
1622 1048 2099 1105 AUGUSTINUS.

607 1155 767 1222 Cum
830 1176 934 1222 me
994 1157 1406 1222 uehementer
1470 1157 1744 1241 agitaret
1808 1158 2096 1240 quaestio
2155 1178 2192 1222 a
2236 1160 2301 1222 te
2359 1158 2598 1222 dudum
2665 1176 2810 1222 cum

516 1265 785 1347 quadam
834 1265 1026 1330 etiam
1071 1265 1371 1329 familiari
1419 1264 1858 1349 obiurgatione
1902 1264 2249 1348 proposita,
2300 1283 2575 1346 quonam
2620 1267 2807 1347 pacto

516 1389 640 1434 una
684 1371 906 1435 uiuere
951 1389 1310 1454 possemus,
1361 1373 1426 1435 et
1472 1370 1547 1435 de
1593 1371 1716 1435 hoc
1765 1371 1903 1436 solo
1955 1370 2326 1435 statuissem
2366 1374 2431 1435 et
2464 1371 2811 1435 rescribere

514 1477 636 1542 tibi
703 1480 767 1542 et
829 1477 1136 1561 rescripta
1197 1477 1485 1561 flagitare
1550 1496 1756 1561 neque
1813 1477 1893 1540 ad
1950 1476 2125 1540 aliud
2190 1476 2449 1558 aliquid,
2509 1477 2678 1560 quod
2733 1477 2812 1541 ad

516 1587 731 1650 nostra
775 1585 991 1649 studia
1034 1585 1326 1668 pertinet,
1377 1585 1601 1649 stilum
1647 1586 1959 1662 auertere,
2009 1583 2208 1647 donec
2262 1582 2427 1647 inter
2480 1602 2595 1648 nos
2640 1583 2812 1648 istuc

514 1690 728 1773 ipsum
774 1691 1235 1769 terminaretur,
1286 1690 1412 1755 cito
1460 1710 1562 1755 me
1611 1709 1911 1755 securum
1966 1690 2123 1755 fecit
2174 1690 2449 1755 recentis
2499 1690 2812 1773 epistulae

515 1801 663 1863 tuae
698 1798 1083 1864 breuissima
1120 1803 1184 1863 et
1218 1798 1557 1863 uerissima
1600 1797 1787 1876 ratio,
1826 1799 2162 1880 propterea
2207 1797 2457 1862 scilicet
2501 1798 2651 1861 hino
2690 1815 2814 1861 non

518 1923 658 1969 esse
715 1905 1144 1989 cogitandum,
1203 1906 1349 1986 quia
1402 1906 1512 1970 uel
1566 1924 1705 1983 nos,
1764 1924 1910 1969 cum
1964 1905 2379 1987 potuerimuS,
2440 1904 2519 1968 ad
2573 1907 2658 1983 te,
2706 1904 2813 1969 uel

516 2013 608 2089 tu,
659 2031 804 2075 cum
849 2012 1153 2094 potueris,
1203 2013 1281 2075 ad
1337 2030 1452 2077 nos
1516 2012 1877 2076 necessario
1925 2015 2235 2075 uenturus
2286 2010 2396 2076 siS.
2445 2011 2595 2075 hinc
2642 2029 2812 2094 erg0,

517 2119 592 2181 ut
638 2118 784 2195 dixi,
834 2137 1094 2184 securus
1144 2119 1408 2183 effectus
1457 2117 1855 2183 consideraui
1903 2136 2121 2183 omnes
2172 2117 2482 2200 epistulas
2529 2119 2692 2195 tuaS,
2742 2121 2816 2182 ut

517 2223 823 2302 uiderem,
882 2243 1148 2307 quarum
1209 2225 1694 2307 responsionum
1764 2224 2014 2289 debitor
2070 2222 2211 2287 sim.
2269 2222 2333 2286 in
2392 2223 2625 2306 quibus
2680 2226 2812 2286 tam

519 2314 758 2394 multas
786 2331 1192 2412 quaestiones
1225 2330 1495 2412 repperi,
1534 2333 1626 2404 ut,
1667 2330 1862 2394 etiam
1904 2329 1959 2395 si
1997 2329 2182 2393 facile
2222 2329 2492 2394 dissolui
2527 2331 2813 2412 possent,

517 2436 657 2518 ipso
706 2456 931 2502 aceruo
982 2436 1266 2502 cuiusuis
1311 2436 1638 2520 ingenium
1686 2437 2015 2519 otiumque
2055 2439 2445 2518 superarent.
2491 2438 2624 2499 tam
2662 2454 2812 2501 uero

519 2543 810 2609 difficiles
859 2547 1029 2622 sunt,
1068 2546 1159 2621 ut,
1200 2544 1393 2609 etiam
1432 2544 1488 2608 si
1525 2563 1651 2608 una
1691 2562 1909 2608 earum
1946 2543 2105 2607 mihi
2143 2545 2316 2607 esset
2349 2543 2648 2625 inposita,
2689 2562 2813 2607 non

520 2650 874 2715 dubitarem
927 2669 1031 2715 me
1086 2650 1573 2715 onustissimum
1630 2649 1937 2715 confiteri.
1987 2650 2110 2713 hoc
2157 2652 2373 2714 autem
2418 2649 2812 2732 prooemium

521 2757 601 2820 ad
654 2757 721 2820 id
775 2758 970 2834 ualet,
1025 2759 1102 2821 ut
1153 2757 1465 2840 tantisper
1521 2756 1773 2822 desinas
1831 2774 1999 2820 noua
2055 2774 2375 2837 quaerere,
2424 2754 2622 2819 donec
2678 2757 2813 2819 toto

522 2882 662 2928 aere
719 2863 921 2928 alieno
978 2862 1341 2942 liberemur,
1392 2866 1456 2928 et
1504 2862 1581 2927 de
1628 2864 1765 2928 solo
1813 2861 2052 2935 iudicio
2100 2864 2213 2927 tuo
2270 2861 2429 2925 mihi
2483 2861 2814 2926 rescribas

523 2987 907 3052 quamquam
941 2969 1094 3047 scio,
1128 2989 1316 3051 quam
1356 2969 1444 3032 sit
1482 2968 1825 3034 aduersum
1862 2988 1985 3047 me,
2019 2968 2129 3051 qui
2164 2972 2419 3032 tuarum
2457 2967 2819 3032 diuinarum

523 3076 987 3159 cogitationum
1031 3076 1141 3139 uel
1184 3075 1497 3157 tantisper
1540 3075 1858 3157 particeps
1908 3093 2049 3139 esse
2099 3074 2335 3140 differo.

612 3181 848 3264 Accipe
901 3181 1120 3266 igitur,
1177 3181 1330 3264 quid
1383 3180 1543 3245 mihi
1596 3181 1895 3245 uideatur
1950 3180 2026 3245 de
2083 3180 2487 3264 susceptione
2541 3180 2817 3244 hominis

598 3409 629 3461 1
667 3407 868 3471 miliuS,
908 3422 1044 3461 corr.
1082 3406 1276 3460 melius
1315 3406 1370 3458 P
1475 3407 1508 3460 3
1545 3408 1814 3459 uerterem
1850 3405 1907 3459 R
1947 3422 2001 3459 a.

704 3547 758 3600 P
803 3573 870 3592 =
909 3547 1024 3602 cod.
1064 3549 1360 3602 Parisinus
1394 3564 1524 3602 nou.
1567 3564 1684 3616 aeq.
1725 3550 1881 3601 1672
1917 3562 1958 3600 s.
2000 3545 2112 3599 IX.

713 3636 767 3689 V
806 3661 874 3682 =
913 3637 1028 3692 cod.
1078 3636 1386 3690 Vaticanus
1427 3639 1545 3690 495
1579 3653 1623 3690 s.
1664 3635 1799 3689 XV.

712 3724 767 3779 U
806 3750 873 3770 =
914 3724 1029 3779 cod.
1079 3724 1388 3779 Vaticanus
1429 3728 1547 3778 499
1583 3742 1625 3779 s.
1665 3725 1801 3780 XV.

598 3865 978 3920 Louanienses
1014 3865 1161 3920 hanc
1196 3873 1248 3921 et
1281 3868 1646 3935 insequentem
1672 3867 1967 3936 epistulam
1991 3868 2054 3921 in
2080 3883 2193 3921 uno
2223 3865 2497 3920 Vaticano
2522 3864 2822 3933 exemplari

530 3955 707 4021 (495)
744 3959 1014 4021 repertam
1040 3955 1217 4022 primi
1253 3955 1555 4011 ediderunt.
1741 3957 1774 4011 8
1812 3955 1879 4010 de
1916 3973 2020 4040 om:
2057 3956 2114 4009 P
2291 3957 2348 4008 et
2383 3952 2696 4022 rescribere]
2736 3969 2821 4006 re·

530 4041 759 4096 scribere
807 4041 919 4096 VU
949 4042 1069 4097 edd.
1172 4044 1204 4097 9
1242 4044 1312 4097 ad
1348 4045 1519 4115 aliud]
1561 4045 1713 4100 aliud
1751 4046 1801 4097 P
1899 4047 1965 4100 10
2003 4045 2191 4114 donec]
2230 4046 2294 4096 ut
2332 4042 2442 4097 VU
2473 4042 2593 4097 edd.
2703 4045 2821 4095 stuc

529 4130 691 4200 ipsud
726 4130 780 4182 P
812 4130 962 4185 istud
997 4132 1176 4200 ipsum
1224 4132 1334 4187 VU
1365 4133 1486 4188 edd.
1616 4135 1682 4188 19
1723 4136 1885 4188 etiam
1927 4134 1991 4204 si]
2034 4134 2136 4187 etsi
2183 4132 2294 4187 VU
2326 4132 2448 4186 edd.
2584 4130 2654 4185 20
2693 4147 2821 4185 one-

531 4219 828 4272 stissimum
855 4219 911 4270 P
1051 4221 1317 4291 prymium
1353 4222 1405 4274 P
