3392 4917
1321 313 1851 422 epistularum
1905 335 2076 390 XVII.
2748 342 2827 404 41

397 529 438 589 2
614 532 779 595 Nam
846 529 1016 612 quod
1077 528 1330 594 nomina
1394 531 1702 612 quaedam
1747 532 2143 595 mortuorum
2191 530 2435 595 Punica
2491 530 2828 614 collegisti,

533 638 761 719 quibus
826 638 890 700 in
958 640 1239 701 nostram
1303 637 1678 721 religionem
1741 638 2030 714 festiuaS‚
2101 640 2172 701 ut
2232 638 2355 704 tibi
2422 638 2635 701 uisum
2711 639 2828 717 est,

531 743 950 809 contumelias
996 742 1314 807 iaciendas
1360 746 1639 826 putareS‚
1686 744 1921 819 nescio,
1970 746 2182 807 utrum
2222 743 2506 807 refellere
2546 743 2827 818 debeam,

531 870 606 914 an
672 850 924 915 silentio
992 850 1351 932 praeterire.
1422 850 1476 914 si
1535 850 1702 914 enim
1756 870 1856 914 res
1912 851 2073 915 istae
2128 854 2260 914 tam
2306 843 2606 914 uidentur
2650 850 2828 913 leues

471 981 498 1020 5
534 959 682 1021 tuae
749 956 1070 1040 grauitati,
1140 976 1328 1038 quam
1394 960 1562 1033 sunt,
1628 957 1825 1022 iocari
1889 957 2046 1021 mihi
2111 976 2233 1021 non
2291 957 2567 1019 multum
2615 958 2827 1031 uacat;

532 1063 587 1127 si
633 1065 847 1126 autem
913 1082 1138 1146 graues
1204 1063 1323 1127 tibi
1370 1064 1694 1143 uidentur,
1743 1064 1957 1140 miror,
2009 1064 2178 1146 quod
2227 1063 2558 1127 nominum
2614 1062 2829 1126 absur-

532 1169 728 1233 ditate
776 1172 1092 1235 commoto
1141 1171 1205 1233 in
1244 1173 1521 1233 mentem
1558 1189 1681 1234 non
1719 1171 1964 1235 uenerit
2000 1171 2229 1234 habere
2270 1188 2383 1234 uos
2425 1171 2489 1233 et
2522 1169 2586 1231 in
2626 1187 2829 1232 sacer-

533 1275 789 1340 dotibus
837 1275 1223 1340 Eucaddires
1273 1278 1336 1339 et
1380 1276 1443 1339 in
1491 1277 1858 1340 numinibus
1906 1275 2276 1342 AbaddireS.
2325 1294 2447 1339 non
2494 1277 2649 1356 puto
2709 1294 2825 1359 ego

528 1382 655 1446 ista
698 1382 838 1460 tibi,
888 1401 1035 1446 cum
1082 1381 1409 1459 scriberes,
1458 1383 1521 1446 in
1569 1383 1777 1447 animo
1825 1402 1947 1447 non
1984 1383 2207 1461 fuisse,
2249 1382 2362 1447 sed
2396 1400 2571 1446 more
2609 1382 2827 1445 huma·

444 1511 493 1551 ιο
529 1487 748 1552 nitatis
790 1489 851 1551 et
886 1487 1122 1567 leporis
1161 1488 1257 1551 tui
1298 1488 1837 1553 commonefacere
1876 1507 1987 1553 nos
2018 1488 2287 1553 uoluisti
2318 1488 2396 1552 ad
2423 1487 2825 1552 relaxandum

531 1593 832 1672 animum,
900 1597 1136 1676 quanta
1198 1593 1293 1660 in,
1328 1597 1543 1658 uestra
1598 1595 2047 1676 superstitione
2103 1594 2363 1658 ridenda
2419 1594 2565 1660 sint.
2623 1613 2825 1676 neque

531 1700 697 1763 enim
742 1719 946 1781 usque
995 1699 1148 1764 adeo
1196 1702 1261 1763 te
1307 1699 1867 1782 ipsum-obliuisci
1911 1699 2256 1782 potuisses,
2304 1704 2377 1763 ut
2432 1698 2620 1763 homo
2676 1699 2829 1764 Afer

531 1806 810 1870 scribens
855 1806 1049 1883 Afris,
1100 1826 1244 1870 cum
1294 1807 1495 1871 simus
1544 1807 1797 1888 utrique
1845 1806 1907 1870 in
1944 1805 2159 1871 Africa
2197 1807 2549 1884 constituti,
2587 1806 2828 1871 Punica-

528 1914 782 1979 nomina
849 1915 1221 1998 exagitanda
1287 1914 1701 1979 existimares.
1768 1934 1915 1978 nam
1986 1916 2042 1979 si
2108 1934 2180 1979 ea
2252 1915 2568 1980 uocabula
2638 1913 2829 1976 inter-

445 2046 492 2082 ιε»
530 2024 869 2103 pretemur,
932 2019 1328 2101 Namphamo
1396 2020 1550 2101 quid
1605 2019 1780 2083 aliud
1836 2020 2155 2103 significat
2210 2040 2402 2103 quam
2452 2018 2603 2084 boni
2647 2018 2828 2099 pedis

527 2127 890 2194 hominem?
953 2126 1021 2189 id
1086 2128 1202 2203 est,
1272 2126 1455 2189 cuius
1522 2126 1838 2189 aduentus
1905 2125 2147 2189 adferat
2192 2124 2431 2207 aliquid
2478 2124 2826 2200 felicitatis,

530 2232 700 2297 sicut
753 2233 1034 2296 solemus
1094 2231 1300 2295 dicere
1358 2231 1633 2295 secundo
1691 2231 1853 2313 pede
1901 2231 2219 2309 introisse,
2270 2232 2451 2296 cuius
2498 2231 2827 2294 introitum

527 2338 913 2421 prosperitas
962 2338 1172 2419 aliqua
1218 2340 1560 2402 consecuta
1607 2338 1711 2402 sit.
1751 2357 1910 2421 quae
1955 2338 2175 2421 lingua
2221 2337 2276 2401 si
2311 2338 2680 2419 inprobatur
2716 2337 2827 2400 abs

528 2446 612 2522 te,
660 2464 824 2528 nega
868 2443 1128 2508 Punicis
1174 2444 1378 2522 libris,
1427 2446 1500 2507 ut
1547 2464 1582 2508 a
1627 2445 1785 2509 uiris
1836 2444 2224 2509 doctissimis
2270 2444 2577 2527 proditur,
2626 2444 2829 2506 multa

438 2579 495 2618 eo
529 2550 846 2631 sapienter
884 2569 1023 2614 esse
1062 2550 1357 2614 mandata
1392 2552 1763 2627 memoriae3
1803 2551 2123 2633 paeniteat
2151 2554 2213 2615 te
2252 2553 2419 2615 certe
2456 2550 2546 2613 ibi
2583 2553 2826 2634 natum,

529 2656 641 2719 ubi
704 2656 897 2720 huius
962 2656 1219 2739 linguae
1277 2657 1595 2720 cunabula
1638 2658 1937 2722 recalent.
1987 2658 2043 2722 si
2088 2676 2239 2721 uero
2290 2660 2354 2721 et
2401 2675 2595 2721 sonus
2641 2656 2826 2721 nobis

530 2765 744 2827 noster
806 2782 926 2827 non
992 2762 1450 2827 rationabiliter
1514 2763 1811 2845 displicet
1868 2767 1931 2828 et
1987 2784 2087 2829 me
2143 2765 2299 2828 bene
2346 2763 2825 2844 interpretatum

527 2868 691 2932 illud
735 2869 1121 2932 uocabulum
1166 2870 1593 2952 recognoscis,
1641 2871 1836 2935 habes
1897 2870 2064 2953 quod
2122 2889 2494 2934 suscenseas
2544 2869 2824 2952 Vergilio

602 3181 632 3232 1
672 3179 899 3232 numina
935 3179 989 3232 P
1199 3179 1406 3232 Punica
1442 3183 1776 3234 mortuorum
1814 3181 1935 3235 edd.
2116 3181 2149 3234 3
2187 3182 2469 3245 reuellare,
2508 3198 2647 3237 cor-r.
2685 3199 2755 3235 m.
2794 3186 2825 3233 1

527 3267 776 3322 refellere
812 3268 876 3321 Η
983 3269 1019 3320 4
1057 3268 1147 3336 an]
1189 3271 1286 3321 aut
1320 3268 1377 3321 P
1479 3286 1564 3322 res
1600 3269 1763 3338 istae]
1803 3270 2055 3324 resistere
2094 3270 2147 3323 A
2266 3270 2523 3323 uidentur
2558 3273 2673 3323 tam
2703 3270 2822 3323 cdd.

529 3359 562 3410 6
591 3358 784 3420 minor,
814 3372 951 3410 corr.
980 3372 1050 3410 m.
1073 3361 1102 3407 1
1123 3356 1372 3410 mirorH
1441 3358 1471 3411 7
1495 3359 1764 3410 commota
1784 3358 1837 3409 A
1946 3359 2002 3411 in
2031 3363 2214 3411 mente
2238 3359 2298 3412 E
2400 3358 2628 3411 habere*
2657 3375 2754 3410 uos
2773 3359 2828 3410 P

529 3445 730 3498 habere
769 3447 827 3499 et
862 3461 960 3497 uos
997 3445 1072 3498 M
1100 3444 1328 3499 haberet
1364 3462 1461 3499 uos
1499 3447 1552 3498 A
1589 3446 1791 3499 habere
1828 3449 1952 3499 tuos
1990 3446 2058 3499 H
2089 3447 2209 3501 cdd.
2382 3447 2417 3500 8
2456 3446 2823 3500 cuchaddares

529 3533 833 3587 HMAPR
864 3532 1194 3587 auchadares
1231 3535 1291 3588 E
1323 3535 1654 3588 eucaddares
1692 3552 1757 3600 a‚·
1793 3535 1862 3602 cf.
1891 3536 1960 3590 P.
1991 3535 2289 3589 Schroeder
2325 3535 2412 3589 die
2443 3535 2824 3602 phoenikische

530 3622 776 3689 Sprache
800 3638 862 3689 p.
900 3624 1024 3675 266
1061 3627 1110 3674 et
1146 3622 1257 3675 tab.
1296 3621 1467 3685 XVI,
1511 3627 1545 3676 7
1688 3624 1745 3676 in
1783 3624 2092 3678 nominibus
2120 3623 2309 3678 HMA
2413 3625 2477 3677 10
2516 3640 2821 3677 commune-

528 3709 725 3772 facere,
770 3726 839 3763 m.
885 3714 924 3763 2
971 3710 1425 3763 commonefacere
1470 3712 1545 3764 M
1595 3728 1875 3766 commune
1929 3713 2105 3766 facere
2153 3714 2207 3767 A
2388 3713 2456 3765 14
2502 3713 2724 3765 numina
2771 3713 2826 3764 P

535 3797 599 3849 15
636 3813 762 3849 nam
801 3797 942 3850 famo
982 3799 1139 3853 codd.
1185 3798 1326 3852 Nam
1354 3800 1562 3861 Phanio
1592 3818 1631 3854 a
1676 3802 2021 3871 Namphauio
2049 3808 2164 3859 cett.
2192 3803 2313 3857 edd.
2457 3802 2612 3871 pedis
2638 3819 2737 3859 om.
2768 3802 2823 3857 R

531 3885 696 3955 pedes
742 3885 987 3939 HMAP
1038 3886 1128 3956 (m.
1175 3892 1214 3941 2
1259 3887 1435 3958 pedis)
1624 3892 1686 3944 17
1745 3892 1978 3945 secundo
2034 3892 2312 3962 prospero!
2328 3907 2514 3960 gressu
2570 3891 2707 3961 pede
2753 3891 2825 3943 M

604 3974 740 4042 quie,
780 3990 847 4026 m.
887 3978 923 4028 2
959 3974 1110 4028 cuius
1149 3976 1209 4028 E
1346 3977 1669 4041 introintum
1699 3979 1759 4031 E
1830 3979 1895 4032 18
1935 3979 2061 4033 abs*
2091 3982 2138 4049 (t
2174 3984 2338 4046 cra-9.)
2376 3982 2432 4038 A
2507 3982 2574 4034 19
2605 3998 2636 4034 a
2661 3980 2817 4049 uiris]

517 4061 676 4113 auris
714 4060 851 4114 HM
886 4064 976 4129 (m.
1018 4065 1058 4115 2
1095 4079 1126 4114 a
1162 4062 1318 4131 uiris)
1370 4081 1401 4117 a
1439 4066 1581 4118 ueris
1621 4067 1678 4119 P
1854 4068 2157 4136 produntur
2191 4071 2247 4121 A
2390 4070 2460 4122 22
2496 4071 2682 4121 noster
2718 4084 2817 4122 om.

531 4150 695 4204 EPR
732 4150 852 4205 edd.
900 4153 1089 4203 nostra
1122 4151 1260 4204 HM
1378 4185 1381 4190 ›
1418 4152 1651 4222 dispicet
1686 4154 1761 4207 M
1796 4157 1956 4223 (corr.
1994 4172 2063 4212 m.
2103 4161 2133 4208 1
2172 4156 2444 4227 displicet)
2481 4157 2537 4212 R
2655 4158 2819 4210 inter·

533 4239 795 4306 pretatur,
836 4251 971 4292 corr.
1012 4238 1376 4309 interpretatu
1411 4241 1472 4295 Ε
