3392 4917
587 334 672 398 26
1285 330 1341 384 S.
1397 329 1674 383 Aureli
1729 328 2166 399 Augustini

585 526 880 610 mystica,
939 545 1127 608 quam
1183 528 1440 609 propter
1494 525 1769 589 salutem
1824 526 2107 589 nostram
2162 525 2393 589 factam
2445 544 2585 590 esse
2631 525 2875 609 religio,

586 651 712 714 qua
762 631 972 696 inbuti
1030 650 1274 707 sumus,
1327 630 1708 696 credendum
1765 631 2409 714 cognoscendumque
2458 630 2876 698 commendat.

587 758 776 821 quam
824 737 1263 821 quaestionem
1319 756 1440 802 non
1497 736 1871 801 facillimam
1931 736 2211 800 omnium
2270 737 2454 821 elegi,
2522 736 2627 802 cui
2679 737 2877 820 potis·

586 845 823 908 simum
868 843 1338 926 responderem,
1380 843 1491 907 sed
1539 862 1613 907 ea
1658 843 1820 907 mihi
1868 842 2116 927 dignior
2162 843 2388 908 ceteris
2435 843 2578 907 uisa
2617 845 2734 922 est,
2776 843 2879 908 cui

585 969 837 1033 operam
897 948 1312 1033 cogitationis
1369 948 1798 1031 inpenderem.
1870 948 1984 1013 illa
2038 967 2331 1031 namque,
2391 968 2550 1031 quae
2618 949 2692 1013 de
2756 950 2876 1014 hoc
2936 972 2962 1014 ⁵

581 1054 815 1120 mundo
884 1057 1292 1136 quaeruntur,
1360 1071 1474 1118 nec
1531 1052 1690 1117 satis
1741 1053 1826 1117 ‘ad
1890 1054 2138 1118 beatam
2207 1054 2406 1118 uitam
2474 1054 2878 1119 obtinendam

580 1162 737 1225 mihi
785 1160 1085 1225 uidentur
1131 1160 1442 1244 pertinere
1483 1162 1566 1238 et,
1606 1159 1661 1223 si
1702 1159 1941 1242 aliquid
1988 1160 2282 1224 adferunt
2316 1161 2693 1243 uoluptatis,
2733 1180 2879 1227 cum

579 1268 1073 1352 inuestigantur,
1143 1266 1559 1331 metuendum
1624 1268 1725 1330 est
1785 1269 2020 1345 tamen,
2087 1286 2163 1331 ne
2238 1270 2551 1350 occupent
2620 1271 2877 1352 tempus

580 1375 772 1440 rebus
837 1373 1312 1456 inpendendum
1375 1372 1769 1438 melioribus.
1836 1392 2025 1455 quam
2084 1373 2163 1438 ob
2219 1392 2353 1438 rem
2410 1374 2578 1456 quod
2634 1375 2710 1439 ad
2758 1375 2881 1440 hoc

579 1481 855 1563 pertinet
920 1483 1296 1564 susceptum
1359 1480 1422 1544 in
1478 1479 1858 1563 praesentia,
1915 1481 2092 1564 prius
2149 1481 2343 1545 miror
2396 1483 2460 1546 te
2517 1500 2658 1547 esse
2708 1500 2875 1547 com·
2918 1503 2969 1543 ιο

582 1590 850 1665 motum,
911 1606 1023 1653 cur
1079 1606 1201 1652 non
1257 1589 1437 1670 pater
1493 1588 1558 1650 et
1613 1586 1785 1652 filius
1834 1586 2082 1651 dicatur
2128 1586 2446 1652 hominem
2495 1588 2877 1671 suscepisse,

580 1695 694 1759 sed
759 1695 953 1758 etiam
1020 1694 1282 1777 spiritus
1350 1697 1630 1758 sanctus.
1698 1711 1843 1757 nam
1897 1693 2019 1757 ista
2077 1693 2329 1758 trinitas
2388 1692 2703 1759 catholica
2755 1692 2879 1758 fide

578 1800 671 1864 ita
713 1800 1156 1881 inseparabilis
1209 1799 1689 1865 commendatur
1735 1802 1801 1863 et
1847 1799 2144 1877 creditur,
2191 1800 2283 1864 ita
2339 1800 2529 1864 etiam
2576 1819 2613 1864 a
2656 1798 2878 1883 paucis

579 1904 817 1971 sanctis
863 1905 1195 1989 beatisque
1259 1906 1674 1991 intellegitur,
1741 1909 1836 1983 ut,
1905 1905 2209 1989 quicquid
2275 1906 2350 1969 ab
2410 1925 2483 1971 ea
2536 1906 2628 1984 fit,
2687 1906 2881 1970 simul

575 2011 710 2076 fieri
757 2012 843 2076 sit
889 2011 1382 2077 existimandum
1431 2015 1495 2078 et
1532 2031 1568 2076 a
1603 2014 1781 2094 patre
1821 2014 1884 2077 et
1922 2032 1959 2076 a
1994 2012 2127 2077 filio
2168 2015 2232 2077 et
2270 2013 2347 2077 ab
2389 2012 2618 2096 spiritu
2658 2015 2876 2077 sancto
2918 2034 2969 2075 ιτ)

577 2137 693 2184 nec
740 2119 1082 2202 quicquam
1131 2124 1378 2203 patrem
1440 2120 1667 2197 facere,
1729 2119 1898 2202 quod
1951 2139 2073 2185 non
2131 2123 2194 2185 et
2256 2118 2429 2185 filius
2488 2121 2553 2184 εὴ
2618 2118 2878 2202 spiritus

578 2228 838 2290 sanctus
905 2227 1121 2304 faciat,
1181 2246 1298 2291 nec
1365 2227 1704 2308 quicquam
1768 2226 1994 2305 filium,
2053 2227 2221 2308 quod
2276 2246 2399 2291 non
2458 2229 2521 2292 et
2583 2227 2763 2310 pater
2816 2227 2881 2288 et

578 2331 843 2415 spiritus
904 2334 1187 2409 sanctus,
1238 2352 1353 2397 nec
1412 2332 1757 2415 quicquam
1815 2331 2109 2416 spiritum
2167 2335 2480 2410 sanctum,
2531 2316 2699 2415 quo'd
2753 2351 2877 2396 non

579 2441 644 2503 et
676 2440 859 2520 pater
898 2441 962 2503 et
999 2439 1191 2504 filius.
1237 2458 1307 2503 ex
1346 2458 1470 2522 quo
1509 2438 1770 2503 uidetur
1808 2457 1951 2503 esse
1990 2457 2407 2520 consequens,
2447 2442 2522 2502 ut
2556 2438 2879 2503 hominem

577 2543 828 2608 trinitas
884 2547 1021 2610 tota
1079 2545 1471 2628 susceperit3
1531 2564 1676 2609 nam
1736 2544 1792 2609 si
1846 2544 2019 2609 filius
2078 2545 2383 2628 suscepit,
2428 2546 2609 2627 pater
2665 2548 2874 2608 autem
2913 2569 2966 2609 20

579 2652 645 2713 et
699 2650 960 2732 spiritus
1020 2654 1279 2715 sanctus
1337 2669 1460 2715 non
1516 2654 1956 2733 susceperunt,
2007 2651 2248 2733 aliquid
2300 2653 2550 2735 praeter
2602 2650 2874 2715 inuicem

578 2756 837 2822 faciunt.
879 2776 990 2822 cur
1020 2777 1166 2841 ergo
1196 2758 1260 2822 in
1289 2757 1613 2841 mysteriis
1645 2759 1711 2821 εὴ
1739 2758 1934 2822 sacris
1965 2757 2197 2822 nostris
2237 2757 2512 2823 hominis
2552 2755 2874 2840 susceptio

579 2863 709 2928 filio
757 2864 1000 2929 tributa
1046 2864 1452 2929 celebratur?
1499 2864 1658 2928 haec
1708 2867 1806 2929 est
1843 2863 2218 2948 plenissima
2256 2863 2541 2946 quaestio
2580 2864 2672 2928 ita
2718 2861 2875 2927 diffi-

582 2969 723 3033 cilis
773 2971 837 3033 et
883 2970 958 3034 de
1006 2989 1072 3035 re
1121 2973 1252 3034 tam
1299 2990 1550 3055 magna,
1590 2974 1665 3035 ut
1712 2989 1829 3036 nec
1877 2971 2189 3036 sententia
2233 2971 2339 3035 hic
2386 2970 2542 3036 satis
2591 2969 2879 3054 expedita

579 3094 694 3140 nec
761 3078 897 3141 eius
971 3077 1261 3161 probatio
1329 3078 1485 3142 satis
1553 3095 1780 3142 secura
1842 3094 1985 3142 esse
2057 3077 2287 3161 possit.
2365 3076 2564 3142 audeo
2638 3078 2872 3154 tamen,
2910 3100 2964 3140 2⁵

582 3182 636 3245 si
685 3182 940 3264 quidem
990 3184 1070 3248 acl
1116 3188 1180 3248 te
1231 3184 1458 3260 scrib0,
1510 3183 1870 3268 significare
1915 3183 2152 3266 potius,
2203 3183 2354 3266 quid
2398 3201 2578 3247 meus
2628 3183 2874 3248 animus

580 3288 830 3365 habeat,
882 3309 1070 3372 quam
1120 3290 1446 3374 explicare,
1494 3293 1569 3354 ut
1616 3293 1826 3355 cetera
1871 3308 1981 3373 pro
2030 3290 2282 3374 ingenio
2330 3293 2442 3353 tuo
2492 3292 2557 3354 et
2609 3288 2874 3354 familia·

581 3395 767 3459 ritate
796 3398 1033 3475 nostra,
1064 3417 1188 3480 qua
1215 3397 1303 3476 fit,
1333 3400 1409 3461 ut
1435 3415 1535 3461 me
1567 3396 1805 3479 optime
1835 3397 2108 3476 noueris,
2135 3399 2337 3478 perte
2365 3396 2504 3479 ipse
2535 3396 2872 3462 coniectes.

540 3499 578 3561 3
671 3500 866 3565 Nulla
912 3506 1137 3567 natura
1184 3507 1301 3582 est,
1340 3504 1622 3582 Nebridi,
1664 3507 1729 3569 et
1777 3503 2026 3568 omnino
2075 3503 2251 3567 nulla
2296 3502 2674 3581 substantia,
2714 3521 2873 3585 quae

585 3625 708 3672 non
765 3609 829 3673 in
886 3629 954 3674 se
1010 3611 1242 3675 habeat
1293 3612 1450 3676 haec
1504 3613 1628 3676 tria
1684 3614 1748 3676 et
1801 3630 1949 3695 prae
2005 3630 2073 3676 se
2133 3612 2345 3694 gerat:
2401 3610 2603 3693 primo
2659 3612 2734 3674 ut
2790 3609 2876 3673 sit
2911 3632 2964 3673 so

653 3783 689 3836 4
726 3780 1050 3851 respondere
1088 3781 1142 3835 P
1299 3782 1394 3838 sed
1434 3782 1922 3853 ea—inpenderem
1962 3798 2064 3836 om.
2113 3780 2224 3837 VU
2256 3781 2375 3837 edd.
2498 3782 2528 3835 7
2569 3780 2786 3835 uidetur
2822 3779 2876 3832 P

656 3871 958 3925 uoluntatis
996 3871 1051 3924 P
1150 3871 1214 3926 11
1257 3873 1332 3941 et]
1375 3870 1470 3925 sed
1506 3872 1569 3926 im
1603 3887 1717 3925 ras.
1757 3871 1807 3924 V
1840 3869 1935 3924 sed
1971 3870 2027 3925 U
2057 3870 2178 3926 edd.
2316 3870 2382 3924 15
2421 3870 2511 3940 ab]
2540 3887 2573 3924 a
2610 3869 2724 3924 VU
2753 3869 2871 3924 edd.

588 3960 657 4012 16
691 3959 808 4029 nec]
848 3976 916 4014 ne
940 3960 994 4013 P
1102 3963 1159 4014 et
1195 3977 1304 4014 non
1335 3960 1444 4013 PV
1476 3963 1628 4028 (corr.
1674 3976 1783 4013 non
1822 3961 1901 4026 et)
1938 3957 1994 4014 U
2060 3959 2124 4012 17
2153 3958 2617 4029 faciat—spiritus
2655 3961 2872 4013 sanctus

585 4062 687 4101 om.
734 4047 849 4102 VU
878 4048 997 4102 edd.
1144 4065 1213 4102 ne
1251 4050 1507 4118 quiquam
1537 4048 1590 4100 P
1698 4047 1763 4101 18
1800 4064 1868 4101 ne
1908 4048 2165 4118 quiquam
2193 4048 2248 4100 P
2357 4048 2423 4101 19
2462 4047 2606 4101 filius
2644 4064 2707 4100 ex
2745 4046 2870 4117 quo]

585 4137 730 4189 filius
767 4153 866 4190 nec
905 4137 1193 4207 quicquam
1230 4138 1401 4190 filium
1441 4137 1587 4206 quod
1622 4153 1732 4189 non
1771 4138 1828 4189 et
1873 4140 2030 4206 pater
2067 4140 2123 4191 et
2169 4136 2394 4206 spiritus
2440 4138 2659 4190 sanctus
2705 4134 2875 4189 faciat

589 4242 650 4278 ex
688 4241 793 4293 quo
840 4225 953 4278 VU
982 4224 1103 4281 edd.
1214 4225 1283 4279 22
1320 4224 1617 4279 ministeris
1654 4225 1708 4277 P
1809 4225 1877 4279 23
1912 4226 2014 4279 hoc
2051 4225 2105 4277 P

1949 4330 1958 4357 Ι
