3392 4917
1207 337 1738 406 epistularum
1793 338 1937 393 XIX.
1994 338 2108 391 XX.
2721 342 2802 405 47

506 531 685 595 breui
749 534 1032 613 tempore
1095 550 1288 612 prope
1357 530 1668 595 discussis
1728 532 2004 612 corporis
2062 533 2473 617 tegumentis,
2525 534 2693 615 quod
2738 534 2799 597 in

506 640 569 701 te
597 637 786 715 uiuit,
828 637 1092 718 aperuit.
1133 657 1336 720 neque
1374 638 1507 702 ullo
1547 638 1736 703 modo
1778 639 2004 704 siuerit
2040 639 2276 703 domini
2314 640 2517 703 nostri
2560 640 2802 705 miseri-

508 744 880 808 cordissima
923 743 1341 826 prouidentia,
1389 747 1465 807 ut
1511 763 1548 806 a
1585 743 1900 809 catholico
1934 744 2169 809 Christi
2211 764 2402 829 grege
2430 748 2502 809 tu
2530 744 2633 808 uir
2667 748 2798 809 tam

503 850 708 914 bonus
756 853 822 914 et
867 850 1117 934 egregie
1164 850 1459 914 cordatus
1506 851 1751 915 alienus
1800 851 1909 915 sis.

1581 1042 1719 1107 XX.

1195 1164 1652 1220 AUGUSTINUS
1691 1165 2096 1221 ANTONINO.

371 1272 405 1334 1
593 1274 751 1339 Cum
801 1294 836 1338 a
886 1274 1132 1339 duobus
1177 1274 1296 1338 tibi
1334 1275 1570 1355 scripta
1609 1274 2003 1351 deberentur,
2046 1273 2551 1339 cumulatissime
2590 1274 2794 1358 magis

500 1401 643 1462 pars
689 1380 938 1445 reddita
983 1385 1100 1458 est,
1152 1381 1320 1463 quod
1365 1401 1562 1446 unum
1610 1383 1899 1446 nostrum
1935 1383 2329 1463 praesentem
2367 1381 2570 1458 uideS,
2611 1381 2793 1445 cuius

502 1507 573 1551 ex
631 1506 734 1551 ore
794 1507 939 1551 cum
995 1506 1096 1551 me
1156 1507 1404 1569 quoque
1452 1488 1710 1570 accipiS,
1758 1490 2043 1569 poteram
2091 1507 2214 1551 non
2258 1488 2622 1564 rescribere,
2671 1487 2795 1552 nisi

415 1615 465 1651 ιο
499 1594 638 1674 ipso
693 1594 953 1658 iubente
1008 1593 1329 1669 fecissem,
1380 1612 1502 1676 quo
1551 1594 1987 1680 proficiscente
2037 1612 2575 1675 superuacaneum
2621 1593 2793 1658 uide-

496 1701 685 1764 batur
730 1720 891 1778 esse‚
936 1700 1106 1782 quod·
1131 1701 1273 1765 feci.
1306 1704 1686 1783 quapropter
1712 1701 1984 1765 fertilius
2014 1702 2227 1764 tecum
2263 1700 2534 1765 fortasse
2583 1701 2791 1765 conlo-

498 1825 672 1888 quor,
723 1826 911 1888 quam
960 1807 1014 1870 si
1060 1825 1270 1871 coram
1318 1807 1627 1883 adessem,
1676 1826 1823 1872 cum
1870 1810 1936 1870 et
1982 1807 2323 1889 epistulam
2369 1825 2577 1870 meam
2624 1808 2789 1891 legis

499 1915 562 1976 et
609 1933 752 1977 eum
791 1913 992 1990 audiS,
1032 1915 1096 1977 in
1137 1914 1318 1977 cuius
1363 1917 1619 1995 pectore
1665 1933 1770 1977 me
1807 1913 2091 1977 habitare
2131 1913 2368 1994 optime
2405 1913 2593 1980 nosti.
2644 1931 2789 1978 cum

494 2039 722 2103 magno
763 2017 992 2104 gaudio
1030 2020 1277 2084 litteras
1312 2020 1671 2085 sanctitatis
1700 2022 1848 2083 tuae
1881 2018 2280 2083 consideraui
2309 2020 2497 2101 atque
2526 2019 2786 2103 digessi,
2865 2075 2870 2094 ,

407 2146 459 2185 15
497 2126 666 2209 quod
712 2129 777 2190 et
823 2125 1239 2190 christianum
1277 2126 1556 2190 animum
1596 2126 1782 2189 tuum
1839 2124 1974 2189 sine
2022 2125 2156 2188 ullo
2198 2125 2345 2189 fuco
2384 2124 2585 2207 iniqui
2630 2129 2787 2189 tem-

492 2231 663 2313 poris
713 2235 778 2295 et
821 2232 884 2295 in
932 2251 1046 2296 nos
1095 2232 1555 2296 amicissimum
1600 2250 1748 2315 prae
1798 2251 1865 2296 se
1914 2233 2162 2315 gerunt.

359 2337 402 2399 2
480 2389 493 2396 -
586 2338 883 2403 Gratulor
936 2338 1056 2402 tibi
1113 2341 1177 2402 et
1235 2339 1469 2421 gratias
1528 2358 1645 2422 ago
1706 2338 1821 2403 deo
1873 2342 1936 2403 et
1982 2338 2235 2402 domino
2284 2340 2499 2402 nostro
2551 2338 2626 2403 de
2675 2358 2785 2421 spe

495 2448 557 2508 et
619 2444 742 2508 fide
818 2447 882 2509 et
948 2445 1207 2509 caritate
1271 2448 1384 2508 tua
1445 2445 1691 2526 tibique
1758 2444 1927 2526 apud
1994 2461 2158 2522 eum,
2226 2444 2396 2526 quod
2461 2443 2536 2507 de
2601 2445 2784 2509 nobis

490 2553 622 2615 tam
677 2552 833 2615 bene
893 2551 1236 2628 existimas,
1294 2553 1368 2614 ut
1420 2551 1640 2615 fideles
1699 2551 1802 2615 dei
1858 2570 2077 2616 seruos
2135 2569 2275 2615 esse
2329 2550 2547 2615 credas
2593 2551 2783 2633 idque

403 2678 455 2715 20
488 2656 704 2738 ipsum
738 2657 803 2722 111
842 2656 1026 2721 nobis
1067 2657 1252 2722 corde
1290 2656 1633 2738 purissimo
1674 2657 1925 2740 diligaS.
1976 2676 2359 2740 quamquam
2405 2656 2551 2720 hinc
2592 2656 2782 2721 etiam

490 2763 936 2846 gratulandum
992 2763 1455 2827 beniuolentiae
1511 2767 1658 2827 tuae
1714 2763 1931 2845 potius
1981 2783 2169 2846 quam
2217 2764 2456 2847 gratiae
2504 2763 2781 2847 agendae

490 2869 637 2933 sint.
683 2868 804 2933 tibi
852 2869 1018 2932 enim
1062 2869 1321 2951 prodest
1348 2869 1554 2950 ipsam
1583 2870 1844 2954 diligere
1871 2870 2241 2947 bonitatem,
2274 2890 2463 2952 quam
2498 2870 2781 2952 profecto

490 2974 720 3057 diligit,
780 2975 889 3056 qui
945 2993 1093 3038 eum
1150 2975 1381 3059 diligit,
1440 2995 1629 3058 quem
1687 2976 1889 3040 credit
1932 2977 2190 3053 bonum,
2240 2976 2375 3040 siue
2419 2976 2528 3040 ille
2577 2996 2645 3041 se
2690 2976 2784 3040 ita

490 3080 628 3144 siue
691 3081 894 3158 aliter,
964 3100 1151 3163 quam
1219 3082 1510 3160 creditur,
1577 3082 1828 3147 habeat.
1895 3102 2058 3147 unus
2123 3085 2374 3147 tautum
2427 3082 2492 3146 111
2549 3082 2668 3147 hac
2714 3102 2780 3146 re

560 3290 592 3341 2
631 3291 827 3359 nostri]
869 3284 961 3343 11ᾞί
998 3290 1053 3342 P
1088 3290 1321 3343 nominis
1358 3289 1413 3344 R
1593 3292 1625 3345 3
1666 3293 1764 3344 aut
1798 3290 1962 3346 LOP
1999 3293 2053 3358 (a
2090 3291 2252 3355 eras.)
2440 3308 2471 3343 a.
2508 3306 2611 3346 om.
2654 3293 2789 3358 aes

559 3377 715 3446 gregi
749 3377 826 3430 P¹
865 3379 1000 3445 aes
1134 3381 1227 3431 tu*
1257 3379 1391 3445 (fuit
1425 3378 1465 3447 i)
1497 3378 1552 3430 P
1691 3381 1805 3442 tan,
1845 3394 1982 3432 corr.
2020 3382 2133 3431 tam
2162 3378 2217 3430 P
2322 3380 2357 3431 4
2396 3379 2648 3447 egregiae
2675 3378 2783 3431 LP

487 3467 544 3530 (a
593 3469 754 3533 eras.)
975 3466 1165 3519 alienis
1217 3468 1284 3534 (is
1333 3483 1398 3520 ex
1443 3483 1577 3534 ras„
1623 3468 1736 3534 fuit
1783 3469 1887 3533 us),
1933 3467 1997 3519 in
2042 3482 2211 3536 marq.
2259 3484 2326 3521 m.
2376 3472 2407 3520 1
2450 3467 2501 3520 tl:
2551 3484 2675 3520 nes:
2726 3468 2782 3520 P

559 3554 631 3606 sis
670 3571 771 3607 om.
809 3554 973 3608 LOP

664 3678 819 3731 Idem
856 3678 1080 3744 codices,
1120 3679 1215 3746 qm·
1249 3679 1311 3731 in
1349 3696 1427 3747 ep.
1467 3679 1700 3733 XVIII
1731 3639 1796 3732 et¹
1815 3680 1988 3732 XIX.

558 3801 589 3853 6
619 3801 944 3868 augustinus
971 3803 1191 3855 antonio
1221 3801 1297 3855 P¹
1327 3820 1363 3855 a
1382 3819 1408 3855 e
1417 3822 1437 3869 ‚·
1463 3803 1875 3872 inscriptionem
1903 3820 2005 3857 om.
2036 3803 2250 3858 LOPR
2288 3803 2505 3874 (incipit
2542 3804 2776 3874 epistula

482 3888 662 3942 sancti
701 3888 982 3956 augustini
1020 3887 1089 3941 ad
1128 3889 1448 3943 antoninum
1486 3889 1645 3943 LOP
1680 3891 1914 3959 epistola
1952 3892 2232 3960 augustini
2270 3890 2339 3944 ad
2377 3893 2659 3945 antonium
2695 3893 2771 3962 R)

486 3978 517 4029 7
557 3993 676 4029 cum
714 3976 980 4029 latissime
1018 3975 1123 4030 Lo
1160 3975 1510 4031 collatissime
1547 3978 1604 4031 R
1742 3980 1809 4033 10
1846 3979 1965 4048 ipso
2004 3996 2071 4034 ex
2105 3978 2276 4049 ipsa?
2310 3980 2366 4033 P
2502 3981 2561 4033 11
2606 3980 2771 4051 quod]

485 4074 594 4135 qua
627 4066 704 4118 P²
816 4066 882 4118 12
921 4065 995 4135 et]
1036 4069 1091 4118 te
1128 4065 1182 4118 L
1221 4069 1309 4134 (m.
1347 4071 1386 4119 2
1423 4084 1560 4121 corr.
1599 4070 1684 4135 tu)
1733 4068 1779 4123 Ο
1813 4071 1876 4121 111
1912 4069 1967 4123 R
2021 4095 2026 4101 ·
2099 4071 2162 4123 13
2204 4086 2339 4132 eam,
2380 4085 2518 4123 corr.
2561 4086 2681 4123 eum
2720 4069 2775 4121 P

557 4154 713 4207 audis
749 4170 870 4218 om„
913 4157 1000 4220 (m.
1042 4153 1145 4222 12)
1187 4154 1316 4208 add.
1356 4154 1431 4208 P¹
1613 4158 1678 4210 21
1720 4158 1904 4226 potius
1953 4174 2018 4212 ex
2061 4156 2299 4227 potuis?
2334 4158 2388 4210 P
2565 4159 2772 4227 gratiae

481 4243 585 4296 tibi
624 4243 868 4312 agendae
907 4242 1030 4297 edd.
