3392 4917
420 1511 470 1550 10

1108 336 1638 406 epistularum
1689 336 1968 390 XXVIIII.
2027 336 2192 392 XXX.
2665 342 2792 406 123

1545 529 1744 595 XXX.

501 650 794 706 DOMINO
841 650 1107 706 FRATRI
1144 651 1425 707 SANCTO
1463 652 1555 706 ET
1592 651 1932 707 UNANIMO
1970 651 2389 708 AUGUSTINO
2428 652 2792 709 PAULINUS

1143 741 1233 794 ΕΤ
1271 740 1630 795 THERASIA
1666 740 2150 797 PECCATORES.

591 849 726 913 Iam
765 848 1028 927 dudum,
1077 850 1271 914 frater
1313 850 1378 913 in
1428 848 1680 914 Christo
1731 849 1984 915 domino
2031 848 2122 913 mi
2157 850 2475 928 unanime,
2518 853 2589 914 ut
2622 851 2689 913 te
2726 849 2792 913 in

506 955 742 1020 sanetis
791 958 856 1019 et
898 955 1025 1037 piis
1071 956 1395 1021 laboribus
1441 957 1572 1021 tuis
1619 956 2010 1020 nescientem
2060 956 2295 1042 agnoui
2340 956 2794 1038 absentemque

504 1060 661 1138 uidi,
716 1063 862 1126 tota
916 1064 1129 1126 mente
1188 1062 1551 1145 complexus
1608 1063 1887 1144 alloquio
1946 1081 2196 1145 quoque
2249 1062 2549 1127 familiari
2604 1064 2794 1144 atque

504 1167 775 1233 fraterno
821 1188 935 1255 per
978 1169 1226 1234 litteras
1275 1169 1444 1233 adire
1489 1169 1845 1252 properaui.
1907 1172 1973 1234 et
2017 1168 2202 1234 eredo
2249 1169 2313 1233 in
2368 1189 2561 1233 manu
2609 1171 2675 1233 et
2727 1168 2792 1232 in

506 1273 711 1358 gratia
775 1274 1015 1340 domini
1078 1294 1437 1340 sermonem
1482 1295 1696 1339 meum
1754 1275 1832 1339 ad
1889 1278 1956 1339 te
2001 1276 2203 1340 fuisse
2267 1276 2613 1358 perlatum3
2682 1274 2794 1340 sed

505 1383 788 1445 morante
836 1381 1041 1446 adhuc
1087 1401 1307 1464 puero,
1345 1402 1532 1464 quem
1573 1382 1650 1447 ad
1696 1385 1763 1446 te
1802 1381 2087 1464 aliosque
2127 1382 2392 1447 dilectos
2439 1386 2637 1465 aeque
2677 1381 2793 1446 deo

507 1487 877 1552 salutandos
926 1490 1068 1552 ante
1133 1487 1410 1552 hiemem
1474 1488 1872 1567 miseramus,
1920 1508 2044 1553 non
2106 1489 2434 1572 potuimus
2498 1489 2668 1553 ultra
2731 1491 2797 1552 et

508 1593 788 1659 officium
836 1598 1124 1660 nostrum
1173 1594 1557 1676 suspendere
1606 1599 1670 1660 et
1717 1596 2103 1661 desiderium
2142 1597 2449 1662 sermonis
2487 1596 2585 1660 tui
2623 1595 2796 1678 cupi-

509 1699 847 1765 dissimum
885 1704 1259 1785 temperare.
1301 1701 1673 1784 scripsimus
1712 1703 1927 1785 itaque
1965 1702 2194 1768 iterato
2234 1722 2421 1779 nunc,
2461 1702 2518 1767 si
2553 1702 2793 1786 priores

509 1805 589 1869 ad
635 1808 698 1870 te
743 1806 993 1872 litterae
1040 1811 1294 1873 nostrae
1341 1807 1670 1889 peruenire
1717 1810 2106 1885 meruerunt,
2155 1812 2266 1873 aut
2310 1809 2535 1892 primo,
2574 1809 2631 1873 si
2663 1807 2796 1872 illis

507 1912 571 1976 in
618 1932 840 1977 manus
887 1915 1032 1977 tuas
1078 1913 1492 1994 perueniendi
1535 1913 1810 1978 felicitas
1858 1933 1981 1979 non
2027 1913 2172 1980 fuit.

600 2017 725 2084 Sed
798 2022 891 2097 tu,
957 2019 1149 2084 frater
1224 2019 1529 2102 spiritalis
1603 2020 1815 2084 omnia
1886 2020 2198 2096 iudicans,
2264 2039 2539 2084 amorem
2603 2019 2670 2083 in
2732 2022 2797 2084 te

508 2127 795 2190 nostrum
843 2146 920 2190 ne
976 2126 1213 2208 pendas
1274 2126 1481 2190 officio
1541 2127 1676 2191 solo
1745 2129 1856 2190 aut
1919 2129 2204 2209 tempore
2269 2126 2645 2191 litterarum.
2694 2125 2799 2190 do-

510 2231 723 2296 minus
773 2231 937 2296 enim
985 2231 1172 2298 testis
1221 2234 1339 2309 est,
1391 2232 1499 2315 qui
1563 2251 1770 2296 unus
1837 2235 2078 2314 atque
2142 2232 2352 2297 idem
2418 2235 2802 2314 operatur

512 2336 578 2400 in
626 2337 763 2402 suis
809 2337 1050 2422 ubique
1100 2338 1429 2403 caritatem
1478 2357 1680 2416 sua-m,
1729 2337 1858 2401 iam
1906 2338 2132 2403 abinde
2179 2337 2387 2417 nobiS‚
2439 2357 2511 2402 ex
2566 2356 2690 2419 quo
2738 2340 2803 2400 te

511 2442 817 2508 beneficio
865 2443 1324 2509 uenerabilium
1374 2443 1818 2527 episcoporum
1863 2443 2104 2508 Aurelii
2159 2446 2224 2508 et
2275 2443 2491 2527 Alypii
2536 2462 2649 2524 per
2691 2444 2807 2508 tua

696 2650 760 2704 15
798 2650 827 2703 1
866 2649 985 2705 Cor.
1023 2652 1075 2718 2,
1116 2652 1183 2705 15
1296 2651 1360 2705 17
1397 2651 1425 2704 Ι
1466 2650 1583 2706 Cor.
1627 2651 1712 2712 12,
1754 2650 1819 2705 11

725 2775 787 2828 Ε
831 2799 899 2821 =
937 2775 1054 2829 cod.
1100 2774 1599 2830 Cheltenhamensis
1634 2779 1791 2831 2173
1826 2792 1869 2830 s.
1908 2776 1982 2829 X.

725 2863 802 2915 M
834 2888 908 2908 =·
940 2865 1058 2918 cod.
1096 2864 1458 2919 Monacensis
1498 2868 1657 2918 6266
1692 2880 1736 2920 s.
1775 2866 1851 2919 X.

726 2952 782 3006 A
835 2977 903 2998 =
942 2953 1057 3007 cod.
1097 2953 1709 3022 Andomaropolitanus
1749 2957 1843 3020 76,
1882 2956 1937 3020 8,
1981 2954 2016 3006 9
2050 2967 2093 3006 s.
2132 2953 2375 3010 X—XI.

734 3040 780 3094 Ο
830 3066 898 3087 =
938 3042 1055 3095 cod.
1100 3041 1418 3096 Casinensis
1453 3041 1575 3096 16¹⁹
1609 3059 1652 3098 s.
1690 3044 1803 3098 XI.

727 3130 784 3182 P
829 3155 897 3176 =
938 3129 1053 3185 cod.
1091 3130 1393 3200 Parisinus
1427 3147 1558 3185 noa.
1600 3146 1716 3199 aeq.
1756 3134 1913 3183 1444
1947 3146 1990 3185 s.
2029 3131 2142 3187 XI.

727 3218 784 3273 R
831 3244 899 3265 =
937 3219 1056 3274 cod.
1092 3219 1245 3273 Mus.
1283 3219 1429 3273 Brit.
1465 3219 1599 3288 Rea.
1644 3221 1678 3272 5
1715 3219 1775 3272 D
1818 3219 1909 3272 VI
1937 3234 1980 3272 s.
2019 3218 2339 3275 XI—XII.

726 3307 793 3362 K
828 3332 895 3352 =
934 3308 1050 3363 cod.
1095 3307 1412 3362 Casinensis
1446 3306 1591 3361 232¹
1624 3324 1667 3363 s.
1707 3306 1856 3361 XII.

588 3396 854 3462 (Paulini
888 3396 1019 3452 Nol.
1059 3413 1229 3466 opera
1265 3397 1347 3452 ed.
1384 3396 1680 3451 Hartelius
1716 3396 1759 3449 I
1781 3412 1840 3464 p.
1882 3397 2141 3465 39—42)

586 3519 619 3572 2
656 3519 931 3572 unianimo
967 3519 1148 3573 EAK
1267 3520 1573 3590 Augustino
1612 3535 1713 3574 om.
1752 3519 1814 3572 E
1916 3519 1949 3572 3
1989 3519 2260 3573 etherasia
2303 3518 2353 3573 0¹
2383 3521 2441 3573 et
2475 3519 2715 3573 tharasia
2739 3519 2806 3572 K

514 3608 550 3661 4
584 3607 753 3661 frater
778 3623 880 3664 om.
910 3607 967 3663 R
1072 3608 1130 3661 in
1158 3608 1371 3662 domino
1410 3608 1610 3662 christo
1636 3607 1693 3663 R
1818 3607 2092 3661 unianime
2116 3607 2173 3661 A
2208 3608 2462 3679 unanime
2491 3610 2526 3676 (⁸
2556 3608 2719 3673 eras.)
2747 3607 2804 3659 P

516 3696 828 3749 unanimem
862 3697 924 3750 E
1097 3699 1162 3750 ut
1203 3698 1282 3766 te]
1317 3697 1446 3767 llllte
1486 3697 1564 3764 (in
1602 3702 1705 3750 aut
1738 3696 1797 3749 ui
1833 3698 1998 3763 eras.)
2035 3695 2092 3749 P
2273 3696 2304 3748 7
2351 3694 2536 3749 audire
2573 3694 2804 3749 MAGP

521 3788 578 3851 (u
613 3785 777 3849 eras.)
814 3784 936 3840 RK
968 3786 1087 3840 edd.
1267 3785 1511 3856 propani,
1550 3800 1687 3841 corr.
1725 3802 1794 3840 m.
1832 3790 1864 3837 1
1897 3784 2185 3855 properaui
2218 3782 2295 3837 M
2467 3784 2706 3837 immanu
2741 3783 2809 3837 K

590 3876 645 3928 et
682 3874 863 3944 gratia
884 3875 947 3929 Ε
1013 3876 1046 3928 9
1083 3874 1328 3942 aliusque
1366 3873 1596 3928 dilectus
1620 3874 1683 3928 Ε
1778 3874 1845 3927 10
1881 3874 2215 3936 miseramur,
2241 3889 2312 3928 m.
2343 3875 2384 3928 2
2405 3872 2720 3925 miseramus
2748 3873 2809 3926 E

517 3961 821 4029 miseratus,
858 3979 926 4016 m.
966 3966 1007 4017 2
1041 3963 1357 4016 miseramus
1401 3961 1450 4015 0
1606 3964 1664 4015 et
1698 3979 1767 4015 m.
1806 3965 1846 4015 2
1880 3977 1923 4016 s.
1962 3979 2016 4014 n.
2055 3960 2119 4014 K
2262 3960 2325 4014 11
2368 3959 2712 4031 copidissimo
2750 3961 2812 4014 Ε

522 4050 589 4104 13
627 4050 802 4121 lutere
830 4050 897 4104 K
1035 4052 1302 4119 meltum,
1339 4066 1408 4104 m.
1446 4051 1825 4104 ‚2'meruerunt
1849 4050 1926 4102 M
2063 4052 2161 4103 aut
2195 4050 2251 4120 (a
2288 4065 2354 4104 ex
2389 4065 2525 4104 corr.
2562 4066 2631 4102 m.
2671 4048 2731 4119 2)
2754 4049 2811 4101 P

524 4141 592 4193 14
625 4137 863 4193 facilitas
886 4140 953 4193 K
1023 4139 1091 4193 15
1129 4137 1431 4193 diiudicans
1453 4138 1515 4192 E
1586 4137 1652 4191 16
1675 4154 1745 4191 ne
1781 4138 2007 4208 pendas]
2046 4136 2311 4208 rependas
2337 4138 2399 4192 E
2468 4138 2534 4192 17
2564 4137 2723 4191 unius
2751 4139 2806 4191 A

525 4228 592 4283 19
632 4228 819 4295 aureli,
856 4245 927 4282 m.
966 4230 1007 4283 2
1042 4226 1235 4282 aurelii
1269 4226 1345 4280 M
1479 4225 1630 4297 lypii,
1668 4241 1805 4282 corr.
1841 4243 1910 4283 m.
1949 4232 1980 4280 1
2017 4225 2183 4297 alypii
2220 4225 2295 4278 M
