3392 4917
1235 418 1765 489 epistularum
1819 416 2098 471 XXVIIII.
2683 419 2809 482 115

525 616 832 680 aduersus
881 613 982 678 dei
1028 615 1367 696 praecepta
1411 612 1686 678 rixantes
1735 615 1800 678 et
1844 614 2254 696 uoluptatum
2302 611 2648 678 carnalium
2686 631 2813 677 sor-

526 721 712 787 dibus
764 719 963 784 dediti
1010 718 1377 784 erubescere
1427 721 1822 802 cogerentur,
1857 720 2356 801 conclusumque
2383 718 2495 797 ita,
2531 721 2607 782 ut
2642 717 2815 781 uide·

524 830 683 904 rent,
751 846 940 910 quam
1008 827 1181 890 esset
1245 825 1557 890 nefarium
1621 826 1787 890 intra
1846 825 2151 891 ecclesiae
2197 825 2471 909 parietes
2517 824 2584 889 id
2630 842 2814 908 agere

527 933 777 998 nomine
823 931 1174 1017 religionis,
1224 930 1394 1014 quod
1430 931 1496 995 in
1526 930 1660 996 suis
1693 930 1989 997 domibus
2020 930 2078 995 si
2106 949 2291 1014 agere
2319 933 2814 1014 perseuerarent,

466 1053 492 1093 5
529 1042 745 1105 sancto
798 1042 862 1103 et
905 1037 1267 1122 margaritis
1315 1036 1769 1104 ecclesiasticis
1818 1055 1927 1102 eos
1973 1037 2168 1100 arceri
2217 1039 2549 1119 oporteret.

397 1147 437 1210 3
620 1144 744 1211 Sed
788 1144 945 1208 haec
993 1144 1287 1227 quamuis
1336 1146 1512 1228 grate
1560 1146 1824 1227 accepta
1866 1142 2121 1221 fuerint,
2169 1145 2381 1208 tamen
2439 1142 2588 1225 quia
2630 1142 2820 1226 pauci

532 1253 977 1330 conuenerant,
1026 1270 1149 1316 non
1198 1253 1336 1316 erat
1379 1250 1778 1316 satisfactum
1826 1252 2001 1315 tanto
2056 1249 2334 1334 negotio.
2425 1248 2550 1314 iste
2607 1251 2819 1313 autem

501 1378 738 1424 ‘sermo
807 1377 954 1423 cum
1018 1357 1094 1422 ab
1163 1356 1277 1436 eis,
1335 1357 1445 1439 qui
1510 1357 1790 1434 aderant,
1847 1375 1959 1439 pro
2027 1356 2335 1438 cuiusque
2389 1356 2695 1421 facultate
2750 1374 2821 1420 ac

533 1464 744 1530 studio
791 1464 946 1530 foris
993 1464 1429 1559 uentilgaretur,
1477 1465 1718 1529 multos
1764 1462 1990 1528 habuit
2036 1462 2552 1528 contradictores,
2600 1464 2824 1545 postea

446 1588 497 1627 10
534 1591 684 1636 uero
733 1589 924 1654 quam
973 1569 1107 1635 dies
1166 1570 1686 1654 quadragesimae
1745 1570 2085 1635 inluxisset
2140 1572 2206 1633 et
2258 1568 2554 1651 frequens
2610 1568 2824 1633 multi-

533 1677 690 1744 tudo
739 1677 817 1741 ad
862 1677 1086 1741 horam
1130 1676 1532 1742 tractationis
1580 1676 1876 1756 occurrit,
1923 1677 2165 1741 lectum
2204 1678 2305 1740 est
2338 1675 2503 1739 illud
2537 1675 2602 1739 in
2642 1693 2826 1740 euan-

537 1784 726 1868 gelio,
773 1783 887 1847 ubi
934 1782 1227 1848 dominus
1268 1782 1344 1847 de
1374 1783 1615 1865 templo
1656 1782 1938 1865 expulsis
1975 1781 2416 1848 uenditor-ibus
2455 1781 2827 1845 animalium

540 1895 604 1955 61
668 1891 908 1955 61161616
973 1891 1212 1955 mensis
1278 1890 1849 1955 nummulariorum
1918 1890 2075 1954 dixit
2138 1889 2399 1954 domum
2460 1887 2661 1972 patris
2727 1889 2830 1953 sui

539 2016 650 2080 pro
701 1996 887 2061 domo
937 1997 1300 2062 orationum
1356 1998 1726 2079 speluncam
1782 1997 2102 2061 latronum
2159 2014 2302 2061 esse
2356 1994 2613 2062 factam.
2661 1995 2830 2076 quod

455 2119 507 2159 15
543 2102 921 2186 capitulum,
971 2121 1117 2167 cum
1168 2122 1277 2169 eos
1324 2102 1607 2168 intentos
1654 2103 1983 2186 proposita
2026 2101 2420 2167 uinulentiae
2460 2101 2832 2185 quaestione

541 2209 686 2287 feci,
744 2212 809 2274 et
861 2208 999 2292 ipse
1058 2227 1310 2291 quoque
1365 2208 1634 2274 recitaui
1690 2209 2072 2292 adiunxique
2130 2207 2649 2291 disputationem,
2709 2225 2834 2290 qua

544 2315 966 2394 ostenderem,
1006 2319 1241 2397 quanto
1280 2315 1661 2380 commotius
1703 2318 1769 2380 et
1804 2315 2250 2380 uehementius
2289 2314 2583 2379 dominus
2620 2315 2837 2379 noster

544 2423 792 2487 ebriosa
837 2422 1154 2500 conuiuia,
1204 2441 1362 2505 quae
1417 2422 1653 2504 ubique
1712 2423 1865 2486 sunt
1915 2422 2148 2505 turpia,
2197 2422 2277 2487 de
2329 2421 2571 2504 templo
2629 2420 2834 2502 expel-

545 2530 724 2607 leret,
780 2528 946 2594 unde
1004 2528 1098 2594 sic
1155 2529 1400 2611 expulit
1455 2547 1761 2594 concessa
1816 2529 2216 2608 commercia,
2277 2548 2424 2594 cum
2479 2547 2554 2592 ea
2607 2526 2835 2591 uende-

459 2652 511 2692 20
546 2639 782 2713 rentur,
834 2654 996 2717 quae
1044 2635 1371 2699 sacrificiis
1418 2636 1530 2700 illo
1589 2638 1873 2717 tempore
1928 2635 2128 2700 licitis
2186 2637 2403 2700 essent
2457 2632 2834 2710 necessaria,

549 2759 855 2823 quaerens
902 2739 980 2804 ab
1030 2739 1143 2819 616,
1195 2739 1425 2821 quibus
1474 2740 1848 2805 similiorem
1893 2742 2192 2823 putarent
2238 2741 2605 2823 speluncam
2650 2739 2838 2802 latro·

547 2866 700 2911 num
748 2847 1108 2911 necessaria
1153 2846 1578 2912 uendentibus
1628 2866 1705 2912 an
1754 2846 2148 2913 inmoderate
2194 2846 2581 2912 bibentibus

419 2953 461 3016 4
638 2954 720 3017 Et
774 2953 1077 3036 quoniam
1131 2953 1294 3017 mihi
1348 2956 1756 3036 praeparatae
1811 2954 2122 3019 lectiones
2179 2953 2616 3037 suggerendae
2670 2955 2843 3016 tene-

548 3060 800 3136 bantur,
868 3058 1124 3123 adiunxi
1190 3058 1415 3124 deinde
1480 3060 1695 3142 ipsum
1753 3058 1958 3125 adhuc
2023 3061 2335 3124 carnalem
2383 3060 2694 3142 populum
2739 3059 2842 3123 Iu-

462 3183 516 3223 25
554 3164 849 3228 dacorum
896 3164 962 3229 in
1009 3165 1123 3230 illo
1162 3167 1426 3248 templo,
1465 3166 1577 3231 ubi
1614 3165 1895 3230 nondum
1934 3184 2163 3250 corpus
2205 3167 2268 3231 et
2306 3166 2568 3250 sanguis
2606 3164 2845 3229 domini

556 3269 950 3349 offerebatur,
998 3290 1123 3336 non
1172 3274 1383 3337 solum
1429 3272 1764 3337 uinulenta
1810 3272 1923 3337 sed
1969 3291 2096 3347 nec.
2135 3272 2343 3337 sobria
2391 3271 2647 3354 quidem
2709 3291 2844 3335 um-

555 3395 743 3457 quam
809 3377 1161 3443 celebrasse
1230 3378 1527 3444 conuiuia
1572 3397 1688 3443 nec
1741 3397 1848 3443 eos
1896 3378 2152 3462 publice
2199 3377 2527 3464 religionis
2591 3378 2845 3442 nomine

553 3481 899 3546 inebriatos
946 3482 1221 3548 inueniri
1265 3485 1331 3548 in
1378 3484 1666 3564 historia,
1716 3484 1842 3549 nisi
1889 3503 2034 3550 cum
2089 3484 2259 3549 festa
2311 3484 2618 3549 fabricato
2673 3483 2845 3548 idolo

558 3588 938 3653 exoluerent.
971 3608 1131 3671 quae
1168 3609 1314 3653 cum
1346 3590 1642 3669 dicerem,
1676 3590 1964 3655 codicem
1996 3591 2187 3655 etiam
2219 3590 2435 3675 accepi
2473 3593 2536 3656 et
2579 3589 2847 3655 recitaui

469 3697 770 3759 30101311Π1
841 3694 1028 3758 illum
1100 3695 1335 3763 locum.
1404 3696 1618 3761 addidi
1692 3697 1885 3762 etiam
1953 3716 2098 3762 cum
2163 3698 2398 3777 dolore,
2458 3716 2579 3781 quo
2644 3697 2848 3781 potui,

561 3798 859 3882 quoniam
905 3801 1235 3882 apostolus
1285 3801 1376 3865 ait
1422 3802 1500 3865 ad
1548 3802 2033 3867 discernendum
2079 3804 2388 3886 populum
2437 3804 2849 3869 christianum

740 4008 805 4061 11
844 4007 1043 4061 Matth.
1080 4007 1168 4072 21,
1209 4008 1419 4062 12—13
1527 4008 1597 4062 28
1634 4010 1729 4064 Ex.
1770 4009 1856 4075 32,
1895 4010 1929 4063 6
2038 4010 2104 4063 31
2144 4009 2200 4063 11
2238 4009 2359 4067 Cor.
2398 4012 2449 4075 3,
2487 4012 2523 4066 3

635 4132 671 4184 4
707 4132 1077 4200 perseueraret
1112 4131 1176 4184 X
1353 4132 1385 4185 5
1425 4147 1457 4184 a
1493 4134 1679 4185 saneto
1716 4149 1771 4186 m
1952 4134 1984 4186 7
2020 4135 2235 4188 tantum
2272 4135 2336 4187 X
2513 4134 2575 4188 11
2615 4134 2767 4188 istud
2801 4152 2854 4189 m

567 4215 634 4270 13
671 4216 919 4271 dmmum
956 4219 1020 4273 X
1161 4219 1228 4272 15
1267 4219 1411 4288 cum]
1448 4218 1504 4272 in
1541 4221 1605 4273 X
1745 4222 1814 4275 22
1853 4221 2168 4276 uiuentibus
2204 4223 2268 4276 X
2407 4222 2478 4276 25
2513 4224 2756 4292 tempore
2794 4223 2859 4276 X

567 4303 636 4357 28
676 4305 798 4358 dolo
837 4308 900 4360 X
934 4312 984 4361 et
1021 4307 1137 4363 cod.
1174 4307 1606 4375 Maurinorum5
1641 4308 1788 4363 idolo
1824 4327 1879 4365 m
1985 4311 2057 4365 30
2094 4310 2253 4365 addit
2287 4312 2351 4364 X

2649 4414 2712 4468 8*
