3392 4917
585 358 666 420 32
1060 334 1065 339 .
1296 354 1348 410 S.
1404 353 1675 407 Aureli
1734 353 2169 423 Augustini

585 549 879 631 quoniam
934 568 1056 613 non
1113 568 1254 614 esse
1310 548 1756 632 perspicimus,
1812 547 1976 612 illud
2034 547 2225 612 etiam
2281 547 2634 631 perfectum
2690 549 2869 630 puto,

584 655 753 738 quod
818 674 1010 738 supra
1075 654 1282 719 dicere
1349 673 1702 737 coeperam,
1769 673 1891 719 non
1958 654 2038 718 ad
2109 672 2225 719 nos
2296 654 2488 718 istam
2558 653 2870 735 pertinere

585 762 1041 845 quaestionem.
1106 761 1266 826 haec
1313 760 1506 825 etiam
1556 763 1745 844 atque
1795 760 1987 826 etiam
2035 761 2279 846 cogites
2325 760 2525 825 uelim
2572 762 2655 839 et,
2704 759 2873 842 quod

587 869 920 954 cogitando
969 869 1285 954 genueris,
1333 872 1409 932 ut
1454 869 1746 933 nouerim
1794 886 1996 933 cures.

1637 1061 1810 1126 xiv.
2181 1080 2198 1093 ‚
2936 1101 2962 1142 5

1291 1182 1389 1238 NE
1396 1182 1650 1238 BRIDIO
1690 1181 2107 1238 AUGUSTINU
2112 1182 2165 1237 S.

543 1293 573 1353 1
671 1292 1154 1357 Recentissimis
1202 1291 1436 1357 litteris
1484 1292 1615 1357 tuis
1662 1291 2042 1375 respondere
2089 1291 2307 1369 malui,
2345 1311 2468 1355 non
2517 1290 2686 1374 quod
2732 1310 2875 1357 con·

582 1400 950 1481 tempserim
983 1397 1429 1480 praecedentia
1458 1399 1751 1481 quaesita
1777 1400 1891 1462 tua
1926 1398 2223 1462 minusue
2259 1416 2362 1461 me
2400 1397 2875 1477 delectauerint,

584 1505 699 1569 sed
773 1504 945 1588 quod
1017 1504 1080 1568 in
1155 1504 1594 1587 respondendo
1663 1504 1929 1582 maiora,
1999 1523 2189 1587 quam
2256 1504 2561 1587 opinaris,
2627 1504 2874 1570 molior.

586 1631 966 1694 quamquam
1027 1612 1196 1676 enim
1249 1612 1623 1696 longiorem,
1684 1631 1873 1694 quam
1931 1610 2310 1695 longissima
2366 1614 2486 1689 est,
2535 1611 2876 1694 epistulam
2915 1636 2966 1676 10

581 1717 701 1781 tibi
739 1718 1117 1782 mittendam
1158 1736 1298 1782 esse
1335 1717 1840 1801 praescripseris,
1870 1736 1993 1781 non
2031 1721 2246 1782 tamen
2282 1719 2531 1782 tantum
2566 1717 2874 1782 habemus

584 1824 719 1901 otii,
769 1826 1075 1905 quantum
1125 1823 1450 1887 existimas
1508 1825 1574 1887 et
1629 1824 1937 1904 quantum
1975 1841 2091 1888 nos
2131 1842 2380 1905 semper
2416 1825 2671 1905 optasse
2710 1822 2879 1887 nosti

586 1932 650 1994 et
688 1933 1002 2013 optamus.
1054 1949 1131 1994 ne
1180 1948 1467 2013 quaeras,
1509 1949 1621 1995 cur
1664 1930 1759 1993 ita
1805 1929 1928 1999 sit:
1975 1929 2089 1994 illa
2126 1929 2293 1993 enim
2332 1929 2608 2009 facilius,
2647 1928 2879 2012 quibus

582 2035 910 2118 impedior,
962 2055 1151 2119 quam
1201 2055 1314 2100 cur
1356 2036 1690 2120 impediar,
1743 2036 2158 2118 exposuerim.

541 2141 596 2231 2,
673 2141 933 2221 Scribis,
993 2161 1105 2207 cur
1160 2162 1277 2226 ego
1336 2146 1399 2207 et
1455 2146 1549 2224 tu,
1610 2161 1756 2207 cum
1815 2142 2014 2206 simus
2074 2141 2330 2225 singuli,
2392 2141 2611 2206 eadem
2666 2143 2873 2206 multa
2914 2171 2965 2213 15

578 2248 909 2328 faciamus,
988 2250 1087 2314 sol
1161 2252 1375 2314 autem
1449 2266 1571 2313 non
1643 2247 1816 2312 idem
1889 2248 2082 2312 faciat
2145 2248 2313 2330 quod
2378 2250 2590 2313 cetera
2636 2247 2844 2312 sidera

579 2354 762 2420 cuius
809 2356 901 2419 rei
951 2375 1208 2421 causam
1269 2374 1544 2421 conarer.
1621 2374 1770 2420 nam
1817 2355 1874 2419 si
1923 2354 2143 2418 eadem
2188 2374 2303 2420 nos
2353 2354 2626 2439 agimus,
2675 2356 2881 2419 multa

580 2464 643 2526 et
697 2462 805 2527 ille
865 2481 1010 2527 cum
1070 2462 1299 2534 ceteris
1358 2461 1530 2546 agit3
1599 2461 1655 2525 si
1721 2480 1845 2526 non
1910 2461 2043 2540 ille,
2101 2480 2215 2526 nec
2273 2479 2409 2525 nos.
2496 2461 2751 2526 ambulo
2813 2463 2877 2526 et

580 2568 892 2646 ambulaS,
949 2570 1248 2634 mouetur
1303 2571 1368 2633 et
1421 2570 1796 2645 mouentur;
1864 2568 2065 2652 uigilo
2127 2571 2190 2633 et
2253 2568 2513 2652 uigilas,
2579 2569 2755 2632 lucet
2810 2569 2874 2633 et

577 2675 830 2751 lucent3
889 2674 1147 2756 disputo
1206 2679 1271 2738 et
1327 2674 1639 2757 disputas,
1700 2672 1928 2738 circuit
1983 2677 2048 2739 et
2114 2674 2527 2739 circumeunt.
2603 2673 2865 2738 tametsi
2898 2704 2949 2743 20

564 2772 764 2845 'actus
814 2780 1005 2844 animi
1055 2781 1229 2845 nullo
1277 2780 1467 2845 modo
1520 2783 1619 2844 est
1664 2780 1787 2858 hia,
1839 2799 1997 2864 quae
2035 2780 2353 2860 uidemus,
2393 2781 2873 2863 comparandus.

581 2886 636 2949 si
687 2888 897 2951 autem
949 2885 1247 2963 animum,
1294 2885 1387 2950 ita
1432 2889 1508 2950 ut
1555 2904 1826 2968 aequum
1877 2888 1993 2964 est,
2054 2885 2258 2951 animo
2317 2887 2622 2966 conferas,
2668 2885 2873 2970 magis

652 3128 678 3181 1
723 3127 1000 3197 quoniam]
1043 3145 1202 3197 quoq.
1252 3127 1306 3180 U
1442 3129 1570 3196 peto
1608 3127 1719 3181 LP
1753 3130 1911 3197 (corr.
1950 3126 2123 3196 puto).

758 3250 812 3305 L
868 3276 937 3298 =
977 3250 1093 3306 cod.
1132 3248 1532 3305 Laudwnensis
1568 3255 1682 3304 134
1718 3268 1759 3305 s.
1798 3252 1912 3306 IX.

757 3339 812 3391 P
865 3364 932 3385 =
973 3340 1090 3395 cod.
1130 3340 1425 3394 Parisinus
1460 3343 1647 3393 12210
1682 3357 1725 3394 s.
1764 3342 1839 3395 X.

755 3429 811 3482 R
867 3451 934 3473 =
975 3428 1090 3481 cod.
1127 3427 1280 3480 Mus.
1319 3427 1463 3482 Brit.
1502 3428 1633 3497 Req.
1680 3431 1714 3481 5
1750 3428 1810 3482 D
1856 3427 1948 3482 VI
1975 3443 2017 3484 s.
2057 3427 2371 3481 XI—XII.

757 3514 832 3569 Ι)1
869 3540 936 3561 =
977 3516 1093 3571 cod.
1133 3515 1433 3570 Parisinus
1471 3519 1618 3569 19:29
1651 3532 1695 3570 s.
1736 3516 1918 3572 XIII.

768 3603 821 3657 V
869 3628 936 3649 =
977 3603 1091 3658 cod.
1139 3603 1448 3658 Vaticanus
1490 3607 1606 3658 495
1641 3621 1682 3658 s.
1724 3604 1859 3658 XV.

767 3691 821 3744 U
869 3716 937 3738 =
981 3692 1098 3746 cod.
1146 3691 1456 3747 Vaticanus
1498 3696 1613 3747 499
1647 3710 1688 3747 s.
1729 3693 1863 3747 XV.

649 3815 812 3869 Haec
856 3816 1095 3884 epistula
1142 3817 1204 3870 in
1240 3817 1296 3872 R
1333 3834 1369 3870 a
1389 3817 1470 3885 ef
1511 3818 1708 3872 omisso
1754 3817 1920 3872 initio
1967 3833 2135 3886 usque
2183 3818 2260 3872 ad
2293 3835 2348 3874 u.
2388 3822 2466 3875 20
2503 3818 2869 3874 ‘circumeunt'

581 3905 852 3958 adiuncta
890 3911 966 3958 est
1004 3906 1084 3959 ad
1117 3906 1410 3974 epistulam
1447 3905 1558 3960 IX.
1744 3908 1774 3961 7
1825 3907 2212 3961 contemnerim
2259 3906 2336 3961 P¹
2505 3908 2539 3962 8
2576 3909 2870 3978 presentia,

578 3995 640 4046 in
675 4009 845 4062 marq.
883 4009 951 4046 m.
991 3996 1032 4047 2
1068 3995 1154 4047 atr
1187 3994 1571 4063 praecedentia
1619 3995 1673 4048 U
1827 4011 1913 4049 me
1952 4011 2055 4050 om.
2102 3995 2217 4050 VU
2354 3997 2420 4051 11
2462 4013 2577 4050 esse
2615 4013 2717 4051 om.
2769 3996 2879 4051 VU

582 4084 646 4137 13
684 4098 784 4136 nec
820 4081 940 4136 edd.
1088 4084 1156 4136 15
1196 4099 1320 4152 e*go
1360 4083 1413 4136 L
1546 4083 1610 4136 18
1650 4085 1795 4154 aget,
1835 4099 1973 4138 corr.
2012 4085 2131 4154 agit
2165 4086 2222 4139 P
2371 4085 2778 4152 nosmmambulo
2817 4084 2870 4138 L

578 4171 647 4225 20
688 4171 969 4224 circueunt
1013 4170 1067 4225 U
1160 4172 1227 4225 21
1265 4170 1333 4225 iis
1370 4172 1557 4239 firm
1693 4188 1853 4241 quam
1893 4171 2002 4225 LP
2038 4176 2194 4239 (corr.
2235 4174 2393 4242 quae)
2498 4173 2566 4226 22
2605 4173 2866 4249 animum]

581 4261 792 4314 animus
830 4258 938 4312 LP
975 4263 1131 4329 (corr.
1171 4261 1431 4328 animum)
